date,ADRESERVE$,MON$,M2,AFR$,year,ADB$,BONDTRADE,CHINAGDP,CF,CF$,CO,CO$,CPI,CPIZF,PIPC,PIG,PIBF,PCG,PI,PX,PM,DEP,DEPOSIT,EROC,EJAP,FFR,FA$,IBF,IBF$,IG,IG$,IPC,IPC$,CG,CG$,FIA,FIA$,GDP.x,GDP$,I,I$,J,J$,M,M$.x,TD,X,X$,GNP,GNP$,GDPSZ,GNPSZ,PGNP,PJ,PFIA,GDPMFG,GOVSUB$,GOVSURRP,IGDPJPN,IGDPUSA,IPXJAP,IPXUSA,IR,IRC,RMIBON,IRCUS,IRI,K90,NE.x,NF,NU,LOAN,TAXD$,TAXID$,PCF,PCO,NE.y,GDP.y,PDT,PGDP,POIL,POP,GDPPERCA,GNPPERCA,PSTOCK,PWM,KGDEBT$,RKGDBT,tariff,M$.y,RTAXCUM,SALES,STOCKTRADE,TECH,TISUB$,TMUIA$$,TB$,ULC,V90,WPI,WPX
1984-01-31,23.25,6657,28.24,12460,1984,NA,NA,NA,130878,57178,313095,240725,63.66,61.91,82.19,53.39,69.37,51.54,67.22,122.41,96.49,78728,17425,40.203,233.94,9.56,539,94728,65717,40325,21529,38407,31566,190013,97927,14735,8685,728835,562116,176748,118812,-24385,-12840,247486,238803,807445,244350,299117,743570,570801,NA,NA,76.76493134472881,52.65532089399221,58.94129623345775,195770,9849272,9689664,56.62715945,21.443627557594283,NA,85.9,7.25,8.5,8.1,8.9,NA,NA,7376,7552,2.34,NA,NA,NA,43.69,76.88560979894281,7287,728835,100.01852614244545,77.13,NA,18816.526,NA,NA,NA,27.259999999999998,NA,NA,17284.23,238803,7.237861333400334,247843628,NA,0.558333874,NA,82.76,30049,NA,59265852.4477881,98.04,NA
1984-01-31,23.25,6657,28.24,12460,1984,NA,NA,NA,130878,57178,313095,240725,63.66,61.91,82.19,53.39,69.37,51.54,67.22,122.41,96.49,78728,17425,40.203,233.94,9.56,539,94728,65717,40325,21529,38407,31566,190013,97927,14735,8685,728835,562116,176748,118812,-24385,-12840,247486,238803,807445,244350,299117,743570,570801,NA,NA,76.76493134472881,52.65532089399221,58.94129623345775,195770,9849272,9689664,56.62715945,21.443627557594283,NA,85.9,7.25,8.25,5.04,8.9,NA,NA,7376,7552,2.34,NA,NA,NA,43.69,76.88560979894281,7287,728835,100.01852614244545,77.13,NA,18816.526,NA,NA,NA,27.259999999999998,NA,NA,17284.23,238803,7.237861333400334,247843628,NA,0.558333874,NA,82.76,30049,NA,59265852.4477881,98.04,NA
1984-02-29,12.91,6041,25.93,12641,1984,NA,NA,NA,NA,NA,NA,NA,63.89,62.23,NA,NA,NA,NA,NA,NA,NA,NA,18053,40.184,233.68,9.59,NA,NA,NA,NA,NA,NA,NA,NA,NA,NA,NA,NA,NA,NA,NA,NA,NA,NA,NA,NA,NA,NA,NA,NA,NA,NA,NA,NA,NA,NA,9849272,9689664,NA,NA,NA,NA,7.25,8.5,8.45,9.09,NA,NA,7271,7477,2.75,NA,NA,NA,NA,NA,NA,NA,NA,NA,NA,NA,NA,NA,NA,22.6,NA,NA,NA,NA,NA,193398737,NA,0.558333874,NA,82.76,9112,NA,63158790.44990011,98.09,NA
1984-03-31,9.02,6021,25.05,12910,1984,NA,NA,NA,NA,NA,NA,NA,63.81,62.37,NA,NA,NA,NA,NA,NA,NA,NA,18302,40.024,225.4,9.91,NA,NA,NA,NA,NA,NA,NA,NA,NA,NA,NA,NA,NA,NA,NA,NA,NA,NA,NA,NA,NA,NA,NA,NA,NA,NA,NA,NA,NA,NA,9849272,9689664,NA,NA,NA,NA,7.25,8.5,7.23,9.52,NA,NA,7214,7369,2.09,NA,NA,NA,NA,NA,NA,NA,NA,NA,NA,NA,NA,NA,NA,24.09,NA,NA,NA,NA,NA,253442078,NA,0.558333874,NA,82.76,27858,NA,64775375.90672386,98.52,NA
1984-04-30,17.88,5939,24.44,13404,1984,NA,NA,NA,124432,55634,295576,228225,63.9,62.48,82.3,53.26,68.13,51.55,66.58,122.52,97.22,80238,18590,39.735,224.95,10.29,765,115631,78783,54498,29025,53425,43967,189115,97488,1104,686,799706,619704,227952,151775,-7071,10117,284989,277062,865806,288558,353527,800810,620390,0.09723874402299561,0.07697997498554272,77.47031130979883,-143.07735822373073,62.13768115942029,220308,9849272,9689664,57.48473567,22.0008194611839,NA,87.1,7.25,8.5,6.51,9.69,NA,NA,7151,7297,2.01,NA,NA,NA,44.71,77.2136438682437,7220,799706,110.76260387811634,77.49,NA,18872.694,NA,NA,NA,24.16,NA,NA,17424.498,277062,6.2890248392056645,252867853,NA,0.558333874,NA,82.76,31019,NA,63457334.32362045,98.54,NA
1984-05-31,18.94,6149,24.16,13516,1984,NA,NA,NA,NA,NA,NA,NA,64.1,62.79,NA,NA,NA,NA,NA,NA,NA,NA,18901,39.669,230.66,10.32,NA,NA,NA,NA,NA,NA,NA,NA,NA,NA,NA,NA,NA,NA,NA,NA,NA,NA,NA,NA,NA,NA,NA,NA,NA,NA,NA,NA,NA,NA,9849272,9689664,NA,NA,NA,NA,7,8.25,5.05,9.83,NA,NA,7202,7357,2.11,NA,NA,NA,NA,NA,NA,NA,NA,NA,NA,NA,NA,NA,NA,24.74,NA,NA,NA,NA,NA,268562025,NA,0.558333874,NA,82.76,33832,NA,68494985.08433853,98.89,NA
1984-06-30,16.17,6321,23.4,13765,1984,NA,NA,NA,NA,NA,NA,NA,64.15,62.64,NA,NA,NA,NA,NA,NA,NA,NA,19333,39.784,233.21,11.06,NA,NA,NA,NA,NA,NA,NA,NA,NA,NA,NA,NA,NA,NA,NA,NA,NA,NA,NA,NA,NA,NA,NA,NA,NA,NA,NA,NA,NA,NA,9849272,9689664,NA,NA,NA,NA,7,8.25,5.9,9.87,NA,NA,7308,7474,2.23,NA,NA,NA,NA,NA,NA,NA,NA,NA,NA,NA,NA,NA,NA,24.27,NA,NA,NA,NA,NA,260685221,NA,0.558333874,NA,82.76,36566,NA,66320361.680160224,99.09,NA
1984-07-31,15.36,6214,22.88,14190,1984,NA,NA,NA,130930,58907,316170,245167,64.53,62.68,79.43,52.04,67,52.88,65.07,121.01,93.95,81894,19707,39.424,242.84,11.23,866,117981,79044,42053,21883,35246,27996,189021,99949,20131,12089,806316,620474,198126,128923,22503,28805,306668,288103,912125,286621,346826,826447,632563,0.00826553758506251,0.03201383599105905,76.54005641015092,128.0051548682398,60.0516616164125,230649,9849272,9689664,58.18723801,22.41042110782104,NA,85.1,7,8.25,6.78,10.12,NA,NA,7416,7607,2.52,NA,NA,NA,44.99,77.542777619635,7346,806316,109.76259188674108,76.95,NA,18939.896,NA,NA,NA,24.6,NA,NA,16915.667,288103,5.871395646695801,259216014,NA,0.558333874,NA,82.76,34118,NA,65184985.02806602,98.64,NA
1984-08-31,13.99,6329,22.91,14382,1984,NA,NA,NA,NA,NA,NA,NA,64.54,62.64,NA,NA,NA,NA,NA,NA,NA,NA,20229,39.043,242.3,11.64,NA,NA,NA,NA,NA,NA,NA,NA,NA,NA,NA,NA,NA,NA,NA,NA,NA,NA,NA,NA,NA,NA,NA,NA,NA,NA,NA,NA,NA,NA,9849272,9689664,NA,NA,NA,NA,7,8.25,5.47,10.47,NA,NA,7330,7558,3.02,NA,NA,NA,NA,NA,NA,NA,NA,NA,NA,NA,NA,NA,NA,24.62,NA,NA,NA,NA,NA,260935395,NA,0.558333874,NA,82.76,28338,NA,69835176.14727166,98.11,NA
1984-09-30,14.75,6342,22.72,14571,1984,NA,NA,NA,NA,NA,NA,NA,64.91,62.67,NA,NA,NA,NA,NA,NA,NA,NA,20356,39.1,245.23,11.3,NA,NA,NA,NA,NA,NA,NA,NA,NA,NA,NA,NA,NA,NA,NA,NA,NA,NA,NA,NA,NA,NA,NA,NA,NA,NA,NA,NA,NA,NA,9849272,9689664,NA,NA,NA,NA,7,8.25,6.7,10.37,NA,NA,7293,7521,3.03,NA,NA,NA,NA,NA,NA,NA,NA,NA,NA,NA,NA,NA,NA,24.57,NA,NA,NA,NA,NA,241115180,NA,0.558333874,NA,82.76,32244,NA,68400760.86060452,97.93,NA
1984-10-31,12.57,6342,22.43,15047,1984,NA,NA,NA,124826,56406,319507,245485,65.03,62.61,81.72,52.55,68.21,51.29,66.31,120.33,94.06,83540,20572,39.173,246.79,9.99,435,140928,96132,45265,23785,35453,28971,185044,94904,14241,8515,824734,615946,224528,148888,24551,15072,284571,267672,937363,268308,322863,838975,624461,0.022842161137816935,0.015158866811785873,74.43141929139723,61.39057472200725,59.79214942770873,210617,9849272,9689664,58.2876703,22.763242920309015,NA,84.2,7,NA,NA,9.74,NA,NA,7324,7533,2.77,NA,NA,NA,45.19,76.83243246626834,7379,824734,111.76771920314405,74.68,NA,19023.146,NA,NA,NA,24.959999999999997,NA,NA,17813.355,267672,6.654919080068143,242854178,NA,0.558333874,NA,82.76,29662,NA,69939396.85383289,97.82,NA
1984-11-30,10.77,6278,22.13,15375,1984,NA,NA,NA,NA,NA,NA,NA,65.06,62.59,NA,NA,NA,NA,NA,NA,NA,NA,20703,39.364,243.32,9.43,NA,NA,NA,NA,NA,NA,NA,NA,NA,NA,NA,NA,NA,NA,NA,NA,NA,NA,NA,NA,NA,NA,NA,NA,NA,NA,NA,NA,NA,NA,9849272,9689664,NA,NA,NA,NA,6.75,8,6.05,8.61,NA,NA,7387,7557,2.25,NA,NA,NA,NA,NA,NA,NA,NA,NA,NA,NA,NA,NA,NA,24.85,NA,NA,NA,NA,NA,246024185,NA,0.558333874,NA,82.76,21701,NA,69699612.49496786,97.62,NA
1984-12-31,11.41,6680,21.2,15664,1984,NA,NA,NA,NA,NA,NA,NA,65.04,62.28,NA,NA,NA,NA,NA,NA,NA,NA,21060,39.461,247.95,8.38,NA,NA,NA,NA,NA,NA,NA,NA,NA,NA,NA,NA,NA,NA,NA,NA,NA,NA,NA,NA,NA,NA,NA,NA,NA,NA,NA,NA,NA,NA,9849272,9689664,NA,NA,NA,NA,6.75,8,6.61,8.06,NA,NA,7425,7593,2.21,NA,NA,NA,NA,NA,NA,NA,NA,NA,NA,NA,NA,NA,NA,25.9,NA,NA,NA,NA,NA,255977956,NA,0.558333874,NA,82.76,22837,NA,68383517.66995116,97.39,NA
1985-01-31,4.32,6610,19.6,16612,1985,NA,NA,NA,134825,59370,336103,260521,65.08,62.33,82.04,53.61,68.9,55.3,66.99,119.45,94.87,84830,21496,39.269,254.18,8.35,-103,97006,66840,41802,22410,36188,29689,201346,111341,26537,15847,770158,598221,177537,118939,-10456,-9022,263371,249866,858571,256949,306938,796695,614068,-0.06617406339498554,-0.05039482702106737,77.07692404245037,86.28538638102525,59.716622074838895,206236,11872357,-3735218,59.7160504,23.21107822411192,NA,84,6.75,8,6.59,7.76,NA,NA,7539,7695,2.03,NA,NA,NA,44.03,77.51225070886008,7458,770158,103.26602306248324,77.68,NA,19095.232,NA,NA,NA,26.06,NA,NA,16144.369,249866,6.461210808993621,239961368,NA,0.557250738,NA,81.03,37455,NA,73291559.75527635,97.05,NA
1985-01-31,4.32,6610,19.6,16612,1985,NA,NA,NA,134825,59370,336103,260521,65.08,62.33,82.04,53.61,68.9,55.3,66.99,119.45,94.87,84830,21496,39.269,254.18,8.35,-103,97006,66840,41802,22410,36188,29689,201346,111341,26537,15847,770158,598221,177537,118939,-10456,-9022,263371,249866,858571,256949,306938,796695,614068,-0.06617406339498554,-0.05039482702106737,77.07692404245037,86.28538638102525,59.716622074838895,206236,11872357,-3735218,59.7160504,23.21107822411192,NA,84,6.75,6.75,5,7.76,NA,NA,7539,7695,2.03,NA,NA,NA,44.03,77.51225070886008,7458,770158,103.26602306248324,77.68,NA,19095.232,NA,NA,NA,26.06,NA,NA,16144.369,249866,6.461210808993621,239961368,NA,0.557250738,NA,81.03,37455,NA,73291559.75527635,97.05,NA
1985-02-28,15.1,6929,20.46,17274,1985,NA,NA,NA,NA,NA,NA,NA,65.2,62.61,NA,NA,NA,NA,NA,NA,NA,NA,21597,39.187,260.24,8.5,NA,NA,NA,NA,NA,NA,NA,NA,NA,NA,NA,NA,NA,NA,NA,NA,NA,NA,NA,NA,NA,NA,NA,NA,NA,NA,NA,NA,NA,NA,11872357,-3735218,NA,NA,NA,NA,6.75,8,8.35,8.27,NA,NA,7501,7666,2.15,NA,NA,NA,NA,NA,NA,NA,NA,NA,NA,NA,NA,NA,NA,27.1,NA,NA,NA,NA,NA,206446187,NA,0.557250738,NA,81.03,32323,NA,75298228.71423732,96.58,NA
1985-03-31,12.62,6640,21.37,17614,1985,NA,NA,NA,NA,NA,NA,NA,65.05,62.54,NA,NA,NA,NA,NA,NA,NA,NA,22159,39.486,258.63,8.58,NA,NA,NA,NA,NA,NA,NA,NA,NA,NA,NA,NA,NA,NA,NA,NA,NA,NA,NA,NA,NA,NA,NA,NA,NA,NA,NA,NA,NA,NA,11872357,-3735218,NA,NA,NA,NA,6.75,7.75,6.37,8.52,NA,NA,7335,7523,2.49,NA,NA,NA,NA,NA,NA,NA,NA,NA,NA,NA,NA,NA,NA,25.07,NA,NA,NA,NA,NA,250068625,NA,0.557250738,NA,81.03,13835,NA,72767341.42161392,96.52,NA
1985-04-30,10.45,6470,21.54,17717,1985,NA,NA,NA,127532,55533,313585,244372,65.02,62.5,82.03,52.98,68.51,51.77,66.63,120.63,95.67,86005,22453,39.678,251.67,8.27,1424,114395,78377,57429,30426,42603,34946,203491,105340,10045,5992,833615,641515,215727,143749,2434,5846,271400,259657,890363,287111,346332,843660,647507,0.08239478133058412,0.058949786304671174,76.74975701111822,240.18077239112574,59.65156794425087,219261,11872357,-3735218,60.92527058,23.566193617067068,NA,84.4,6.75,7.75,5.42,7.95,NA,NA,7352,7524,2.28,NA,NA,NA,43.54,77.92847234402156,7387,833615,112.84892378502775,76.96,NA,19145.377,NA,NA,NA,25.06,NA,NA,15999.635,259657,6.16183465109741,253187796,NA,0.557250738,NA,81.03,31725,NA,72087098.40562843,96.31,NA
1985-05-31,8.61,6429,20.87,17972,1985,NA,NA,NA,NA,NA,NA,NA,65.07,62.24,NA,NA,NA,NA,NA,NA,NA,NA,22809,39.582,251.54,7.97,NA,NA,NA,NA,NA,NA,NA,NA,NA,NA,NA,NA,NA,NA,NA,NA,NA,NA,NA,NA,NA,NA,NA,NA,NA,NA,NA,NA,NA,NA,11872357,-3735218,NA,NA,NA,NA,6.75,7.75,6.03,7.48,NA,NA,7374,7568,2.57,NA,NA,NA,NA,NA,NA,NA,NA,NA,NA,NA,NA,NA,NA,25.27,NA,NA,NA,NA,NA,259851611,NA,0.557250738,NA,81.03,33175,NA,74307293.9795454,96.07,NA
1985-06-30,8.59,6809,19.03,18557,1985,NA,NA,NA,NA,NA,NA,NA,65.13,61.93,NA,NA,NA,NA,NA,NA,NA,NA,23396,39.823,248.99,7.53,NA,NA,NA,NA,NA,NA,NA,NA,NA,NA,NA,NA,NA,NA,NA,NA,NA,NA,NA,NA,NA,NA,NA,NA,NA,NA,NA,NA,NA,NA,11872357,-3735218,NA,NA,NA,NA,6.25,7.25,5.43,6.95,NA,NA,7434,7627,2.53,NA,NA,NA,NA,NA,NA,NA,NA,NA,NA,NA,NA,NA,NA,25.830000000000002,NA,NA,NA,NA,NA,245145639,NA,0.557250738,NA,81.03,43592,NA,74474531.82934327,95.49,NA
1985-07-31,6.56,6632,19.55,18836,1985,NA,NA,NA,135577,59475,332371,260182,65.16,61.56,80.81,52.21,67.95,51.21,65.91,122.51,94.02,87222,23860,40.108,241.75,7.88,1528,108683,73849,47091,24587,35262,28496,200090,102472,25331,15081,835102,638890,192597,126932,3473,-5544,266824,250864,894005,282614,346237,860433,653971,0.0017837970765881132,0.019881231775833865,76.0048719656266,-159.63144255686726,59.535746713513085,235978,11872357,-3735218,61.72251411,24.07037527928492,NA,83.7,6.25,7.25,5.63,7.08,NA,NA,7477,7744,3.44,NA,NA,NA,43.87,78.28059608088552,7395,835102,112.92792427315754,76.5,NA,19203.545,NA,NA,NA,25.439999999999998,NA,NA,14664.538,250864,5.845612762293514,250557320,NA,0.557250738,NA,81.03,39600,NA,75976343.23315577,95.41,NA
1985-08-31,7.34,6707,19.74,19240,1985,NA,NA,NA,NA,NA,NA,NA,65.07,61.48,NA,NA,NA,NA,NA,NA,NA,NA,24361,40.434,237.21,7.9,NA,NA,NA,NA,NA,NA,NA,NA,NA,NA,NA,NA,NA,NA,NA,NA,NA,NA,NA,NA,NA,NA,NA,NA,NA,NA,NA,NA,NA,NA,11872357,-3735218,NA,NA,NA,NA,6.25,7.25,7.83,7.14,NA,NA,7357,7672,4.1,NA,NA,NA,NA,NA,NA,NA,NA,NA,NA,NA,NA,NA,NA,25.2,NA,NA,NA,NA,NA,249557897,NA,0.557250738,NA,81.03,35432,NA,74540349.28292416,95.22,NA
1985-09-30,8.36,6842,20.16,20001,1985,NA,NA,NA,NA,NA,NA,NA,65.45,61.8,NA,NA,NA,NA,NA,NA,NA,NA,24692,40.411,236.95,7.92,NA,NA,NA,NA,NA,NA,NA,NA,NA,NA,NA,NA,NA,NA,NA,NA,NA,NA,NA,NA,NA,NA,NA,NA,NA,NA,NA,NA,NA,NA,11872357,-3735218,NA,NA,NA,NA,5.75,6.75,5.88,7.1,NA,NA,7350,7626,3.62,NA,NA,NA,NA,NA,NA,NA,NA,NA,NA,NA,NA,NA,NA,25.54,NA,NA,NA,NA,NA,242471628,NA,0.557250738,NA,81.03,43210,NA,70871993.18290064,95.22,NA
1985-10-31,11.83,6948,20.67,20988,1985,NA,NA,NA,130882,57637,337655,261713,65.62,61.86,81.32,52.16,67.75,50.69,65.86,121.5,94.09,88428,25007,40.154,214.73,7.99,322,126671,85815,50953,26577,32847,26711,200158,101452,17173,10194,872608,656430,211195,139103,24035,8199,273968,257779,947279,284867,346105,889781,666624,0.044911879027951074,0.03410840820842529,74.92000840656297,34.11275223632203,59.36062423571886,227680,11872357,-3735218,62.54245222,24.384897590191795,NA,83.8,5.75,NA,NA,7.16,NA,NA,7418,7683,3.45,NA,NA,NA,44.04,77.50899586856407,7473,872608,116.76809848788973,75.23,NA,19276.757,NA,NA,NA,25.85,NA,NA,15285.008,257779,5.929500851504583,246544970,NA,0.557250738,NA,81.03,39653,NA,74282498.16082421,94.95,NA
1985-11-30,14.18,6951,21.18,21946,1985,NA,NA,NA,NA,NA,NA,NA,65.66,61.87,NA,NA,NA,NA,NA,NA,NA,NA,25298,39.922,203.72,8.05,NA,NA,NA,NA,NA,NA,NA,NA,NA,NA,NA,NA,NA,NA,NA,NA,NA,NA,NA,NA,NA,NA,NA,NA,NA,NA,NA,NA,NA,NA,11872357,-3735218,NA,NA,NA,NA,5.25,6.25,5,7.24,NA,NA,7436,7688,3.28,NA,NA,NA,NA,NA,NA,NA,NA,NA,NA,NA,NA,NA,NA,25.93,NA,NA,NA,NA,NA,245514081,NA,0.557250738,NA,81.03,35765,NA,68692481.18118545,94.74,NA
1985-12-31,11.96,7495,21.58,22556,1985,NA,NA,NA,NA,NA,NA,NA,65.64,61.84,NA,NA,NA,NA,NA,NA,NA,NA,25831,39.859,202.82,8.27,NA,NA,NA,NA,NA,NA,NA,NA,NA,NA,NA,NA,NA,NA,NA,NA,NA,NA,NA,NA,NA,NA,NA,NA,NA,NA,NA,NA,NA,NA,11872357,-3735218,NA,NA,NA,NA,5.25,6.25,5,7.1,NA,NA,7565,7792,2.91,NA,NA,NA,NA,NA,NA,NA,NA,NA,NA,NA,NA,NA,NA,27.1,NA,NA,NA,NA,NA,270928367,NA,0.557250738,NA,81.03,37571,NA,67154300.21677823,94.5,NA
1986-01-31,15.93,7927,22.5,23765,1986,NA,NA,NA,140071,59755,360449,282072,65.79,62.2,81.62,53.08,67.95,59.11,66.27,117.78,89.65,90023,26363,39.585,200.07,8.14,-253,102186,69439,47192,25049,36890,30111,212133,125400,34088,20189,848555,683623,188015,124599,-29731,-17188,286391,256763,885946,310547,365748,882643,703812,-0.027564496314496315,-0.008022198720808829,79.73914708438178,57.811711681409975,59.22612062896033,253824,15018667,-31879733,62.79115003,24.73497039833992,NA,83.6,5.25,6.25,5.08,7.07,NA,NA,7728,7928,2.53,NA,NA,NA,42.66,78.25573104655582,7611,848555,111.49060570227303,80.56,NA,19336.243,NA,NA,NA,33.04,NA,NA,16260.599,256763,6.33292141001624,266995972,NA,0.586313248,NA,74.09,50133,NA,63410898.25085168,93.97,NA
1986-01-31,15.93,7927,22.5,23765,1986,NA,NA,NA,140071,59755,360449,282072,65.79,62.2,81.62,53.08,67.95,59.11,66.27,117.78,89.65,90023,26363,39.585,200.07,8.14,-253,102186,69439,47192,25049,36890,30111,212133,125400,34088,20189,848555,683623,188015,124599,-29731,-17188,286391,256763,885946,310547,365748,882643,703812,-0.027564496314496315,-0.008022198720808829,79.73914708438178,57.811711681409975,59.22612062896033,253824,15018667,-31879733,62.79115003,24.73497039833992,NA,83.6,5.25,5,3.73,7.07,NA,NA,7728,7928,2.53,NA,NA,NA,42.66,78.25573104655582,7611,848555,111.49060570227303,80.56,NA,19336.243,NA,NA,NA,33.04,NA,NA,16260.599,256763,6.33292141001624,266995972,NA,0.586313248,NA,74.09,50133,NA,63410898.25085168,93.97,NA
1986-02-28,14.65,7857,22.59,24558,1986,NA,NA,NA,NA,NA,NA,NA,65.81,62.39,NA,NA,NA,NA,NA,NA,NA,NA,26696,39.188,184.64,7.86,NA,NA,NA,NA,NA,NA,NA,NA,NA,NA,NA,NA,NA,NA,NA,NA,NA,NA,NA,NA,NA,NA,NA,NA,NA,NA,NA,NA,NA,NA,15018667,-31879733,NA,NA,NA,NA,5.25,5.75,5.01,7.06,NA,NA,7580,7841,3.33,NA,NA,NA,NA,NA,NA,NA,NA,NA,NA,NA,NA,NA,NA,30.419999999999998,NA,NA,NA,NA,NA,205339981,NA,0.586313248,NA,74.09,29940,NA,63416345.39711886,93.13,NA
1986-03-31,12.07,7884,20.82,26027,1986,NA,NA,NA,NA,NA,NA,NA,65.69,62.32,NA,NA,NA,NA,NA,NA,NA,NA,26967,38.99,178.93,7.48,NA,NA,NA,NA,NA,NA,NA,NA,NA,NA,NA,NA,NA,NA,NA,NA,NA,NA,NA,NA,NA,NA,NA,NA,NA,NA,NA,NA,NA,NA,15018667,-31879733,NA,NA,NA,NA,4.75,5.5,3.57,6.56,NA,NA,7524,7740,2.79,NA,NA,NA,NA,NA,NA,NA,NA,NA,NA,NA,NA,NA,NA,26.87,NA,NA,NA,NA,NA,303828728,NA,0.586313248,NA,74.09,40074,NA,55106871.115176804,92.49,NA
1986-04-30,12.52,8082,20.72,27409,1986,NA,NA,NA,133413,58593,337834,261832,65.64,62.36,81.87,52.46,68.4,51.62,66.4,117.4,85.04,91210,27399,38.63,175.62,6.99,-894,117476,80353,65209,34207,42575,34857,217388,112213,26808,15972,913226,734284,225032,149417,10178,26377,331448,281856,963506,347280,407708,940034,750256,0.07621309166759963,0.06502175851391785,79.81158128323018,259.15700530556103,59.57923008057296,263965,15018667,-31879733,62.63687918,24.94043789636366,NA,83.3,4.75,5.5,3.64,6.06,NA,NA,7565,7747,2.34,NA,NA,NA,43.92,77.50315243581167,7628,913226,119.72024121657053,80.41,NA,19382.372,NA,NA,NA,26.88,NA,NA,17628.241,281856,6.254342997842871,254386372,NA,0.586313248,NA,74.09,46582,NA,58781126.03624978,93.34,NA
1986-05-31,14.77,8299,20.06,29017,1986,NA,NA,NA,NA,NA,NA,NA,65.62,62.81,NA,NA,NA,NA,NA,NA,NA,NA,27681,38.38,166.83,6.85,NA,NA,NA,NA,NA,NA,NA,NA,NA,NA,NA,NA,NA,NA,NA,NA,NA,NA,NA,NA,NA,NA,NA,NA,NA,NA,NA,NA,NA,NA,15018667,-31879733,NA,NA,NA,NA,4.75,5.5,3.5,6.15,NA,NA,7618,7800,2.34,NA,NA,NA,NA,NA,NA,NA,NA,NA,NA,NA,NA,NA,NA,27.38,NA,NA,NA,NA,NA,270964729,NA,0.586313248,NA,74.09,46667,NA,56678612.329731695,93.15,NA
1986-06-30,16.31,8785,21.85,30851,1986,NA,NA,NA,NA,NA,NA,NA,65.64,62.74,NA,NA,NA,NA,NA,NA,NA,NA,28365,38.11,167.95,6.92,NA,NA,NA,NA,NA,NA,NA,NA,NA,NA,NA,NA,NA,NA,NA,NA,NA,NA,NA,NA,NA,NA,NA,NA,NA,NA,NA,NA,NA,NA,15018667,-31879733,NA,NA,NA,NA,4.75,5.5,4.32,6.21,NA,NA,7701,7916,2.72,NA,NA,NA,NA,NA,NA,NA,NA,NA,NA,NA,NA,NA,NA,27.75,NA,NA,NA,NA,NA,273526628,NA,0.586313248,NA,74.09,53141,NA,53664118.44637727,92.53,NA
1986-07-31,19.68,8885,21.2,32590,1986,NA,NA,NA,141352,64518,366840,283696,65.59,62.61,81.96,51.71,67.56,50.64,65.78,117.71,81.96,92750,28870,38.069,158.6,6.56,-2635,132074,89230,49990,25852,39879,32685,201499,102032,30325,18271,937985,761436,224649,147767,-6466,7200,338854,277711,963681,368639,433934,968310,779707,0.027111580266002064,0.03007976307239951,80.52245665127903,-111.35168574079802,60.25061830173124,303426,15018667,-31879733,63.00379834,25.28243927659978,NA,82.4,4.75,5.5,3.5,5.83,NA,NA,7868,8106,2.93,NA,NA,NA,45.64,77.3350779631447,7791,937985,120.3934026440765,81.18,NA,19431.51,NA,NA,NA,27.52,NA,NA,17847.964,277711,6.426812045615766,284128530,NA,0.586313248,NA,74.09,54373,NA,54867280.489660785,92.36,NA
1986-08-31,21.52,9452,21.92,35934,1986,NA,NA,NA,NA,NA,NA,NA,65.52,62.72,NA,NA,NA,NA,NA,NA,NA,NA,29841,37.348,154,6.17,NA,NA,NA,NA,NA,NA,NA,NA,NA,NA,NA,NA,NA,NA,NA,NA,NA,NA,NA,NA,NA,NA,NA,NA,NA,NA,NA,NA,NA,NA,15018667,-31879733,NA,NA,NA,NA,4.75,5.5,3.5,5.53,NA,NA,7777,8026,3.11,NA,NA,NA,NA,NA,NA,NA,NA,NA,NA,NA,NA,NA,NA,27.32,NA,NA,NA,NA,NA,284091184,NA,0.586313248,NA,74.09,60234,NA,54879171.42523646,92.24,NA
1986-09-30,19.82,9638,22.13,38205,1986,NA,NA,NA,NA,NA,NA,NA,65.53,63.06,NA,NA,NA,NA,NA,NA,NA,NA,30099,36.835,154.72,5.89,NA,NA,NA,NA,NA,NA,NA,NA,NA,NA,NA,NA,NA,NA,NA,NA,NA,NA,NA,NA,NA,NA,NA,NA,NA,NA,NA,NA,NA,NA,15018667,-31879733,NA,NA,NA,NA,4.75,5.5,3.5,5.21,NA,NA,7727,7963,2.96,NA,NA,NA,NA,NA,NA,NA,NA,NA,NA,NA,NA,NA,NA,27.979999999999997,NA,NA,NA,NA,NA,276474200,NA,0.586313248,NA,74.09,43531,NA,53146681.117906146,92.03,NA
1986-10-31,18.03,10137,22.47,40303,1986,NA,NA,NA,134856,63802,374512,287821,65.68,63.21,81.73,51.53,67.52,50.09,65.66,114.53,81.38,94649,30623,36.6,155.95,5.85,-3160,159462,107666,56075,28896,42257,34536,206056,103207,37132,22493,992935,786105,260583,171098,1190,3969,366166,298000,1019150,396571,454208,1030067,808598,0.058583026381018886,0.06377812890499943,78.49955391251248,333.5294117647059,60.57578369061726,297762,15018667,-31879733,63.5007226,25.556560551669754,NA,83.3,4.5,NA,NA,5.18,NA,NA,7853,8063,2.61,NA,NA,NA,47.31,76.85227709659503,7902,992935,125.6561629967097,79.17,NA,19483.657,NA,NA,NA,28.01,NA,NA,19671.81,298000,6.601278523489933,292011198,NA,0.586313248,NA,74.09,56473,NA,55592265.73663096,91.66,NA
1986-11-30,19.46,10469,22.14,42799,1986,NA,NA,NA,NA,NA,NA,NA,65.83,63.31,NA,NA,NA,NA,NA,NA,NA,NA,31175,36.37,162.64,6.04,NA,NA,NA,NA,NA,NA,NA,NA,NA,NA,NA,NA,NA,NA,NA,NA,NA,NA,NA,NA,NA,NA,NA,NA,NA,NA,NA,NA,NA,NA,15018667,-31879733,NA,NA,NA,NA,4.5,5,3.37,5.35,NA,NA,7868,8056,2.33,NA,NA,NA,NA,NA,NA,NA,NA,NA,NA,NA,NA,NA,NA,27.73,NA,NA,NA,NA,NA,284937870,NA,0.586313248,NA,74.09,60004,NA,60894756.94841111,91.4,NA
1986-12-31,22.22,11349,22.69,46310,1986,NA,NA,NA,NA,NA,NA,NA,65.89,63.39,NA,NA,NA,NA,NA,NA,NA,NA,31789,35.952,162.29,6.91,NA,NA,NA,NA,NA,NA,NA,NA,NA,NA,NA,NA,NA,NA,NA,NA,NA,NA,NA,NA,NA,NA,NA,NA,NA,NA,NA,NA,NA,NA,15018667,-31879733,NA,NA,NA,NA,4.5,5,4,5.53,NA,NA,7986,8148,1.98,NA,NA,NA,NA,NA,NA,NA,NA,NA,NA,NA,NA,NA,NA,30.06,NA,NA,NA,NA,NA,317696166,NA,0.586313248,NA,74.09,50933,NA,56796892.55109847,91.41,NA
1987-01-31,31.52,9901,23.46,49085,1987,NA,NA,NA,146564,65218,407571,315843,66,63.37,82.29,53.12,68.28,59.37,66.56,113.14,83.41,96599,31819,35.244,154.48,6.43,-3575,128847,87971,50275,26708,47089,38749,226161,134281,38024,22704,959884,785754,230525,153428,-30404,-24103,344509,287343,980813,378667,428430,997908,808458,-0.033286166768217454,-0.031220299262086835,81.01528397407375,79.27575319036968,59.709657058699776,287415,11337410,8291821,63.4551763,25.91063340804891,NA,84.3,4.5,5,3.78,5.43,6.8,NA,8049,8207,1.92,NA,NA,NA,44.5,77.49398264351487,7953,959884,120.69458066138564,81.86,NA,19528.807,NA,NA,NA,45.6,NA,NA,18034.255,287343,6.276211705174652,282971881,NA,0.61404413,NA,81.69,50127,NA,56561017.31172069,90.84,NA
1987-01-31,31.52,9901,23.46,49085,1987,NA,NA,NA,146564,65218,407571,315843,66,63.37,82.29,53.12,68.28,59.37,66.56,113.14,83.41,96599,31819,35.244,154.48,6.43,-3575,128847,87971,50275,26708,47089,38749,226161,134281,38024,22704,959884,785754,230525,153428,-30404,-24103,344509,287343,980813,378667,428430,997908,808458,-0.033286166768217454,-0.031220299262086835,81.01528397407375,79.27575319036968,59.709657058699776,287415,11337410,8291821,63.4551763,25.91063340804891,NA,84.3,4.5,5,3.64,5.43,6.8,NA,8049,8207,1.92,NA,NA,NA,44.5,77.49398264351487,7953,959884,120.69458066138564,81.86,NA,19528.807,NA,NA,NA,45.6,NA,NA,18034.255,287343,6.276211705174652,282971881,NA,0.61404413,NA,81.69,50127,NA,56561017.31172069,90.84,NA
1987-02-28,13.56,9150,21.85,51796,1987,NA,NA,NA,NA,NA,NA,NA,65.85,63.18,NA,NA,NA,NA,NA,NA,NA,NA,32857,35,153.48,6.1,NA,NA,NA,NA,NA,NA,NA,NA,NA,NA,NA,NA,NA,NA,NA,NA,NA,NA,NA,NA,NA,NA,NA,NA,NA,NA,NA,NA,NA,NA,11337410,8291821,NA,NA,NA,NA,4.5,5,3.57,5.59,6.8,NA,7946,8139,2.37,NA,NA,NA,NA,NA,NA,NA,NA,NA,NA,NA,NA,NA,NA,27.41,NA,NA,NA,NA,NA,256435449,NA,0.61404413,NA,81.69,46350,NA,58749432.40745528,90.65,NA
1987-03-31,21.98,9385,23.83,54505,1987,NA,NA,NA,NA,NA,NA,NA,65.66,62.76,NA,NA,NA,NA,NA,NA,NA,NA,33429,34.626,151.54,6.13,NA,NA,NA,NA,NA,NA,NA,NA,NA,NA,NA,NA,NA,NA,NA,NA,NA,NA,NA,NA,NA,NA,NA,NA,NA,NA,NA,NA,NA,NA,11337410,8291821,NA,NA,NA,NA,4.5,5,3.27,5.59,6.8,NA,7865,8028,2.03,NA,NA,NA,NA,NA,NA,NA,NA,NA,NA,NA,NA,NA,NA,28.95,NA,NA,NA,NA,NA,306818789,NA,0.61404413,NA,81.69,51877,NA,62488633.23417849,90.46,NA
1987-04-30,25.91,9649,24.73,57494,1987,NA,NA,NA,143132,62872,383811,299446,65.69,62.71,80.61,52.47,67.69,51.67,65.78,109.15,79.8,98596,34259,33.099,142.98,6.37,-1123,152902,103498,68849,36122,51698,41676,233997,120899,27183,16208,1043361,831502,275608,181296,12161,21279,428140,341645,1073209,446481,487355,1070544,847710,0.0869657166907668,0.0727882730672567,79.18497511545533,174.97738672806514,59.62550123238789,299522,11337410,8291821,64.78493968,26.371566263467017,NA,86,4.5,5,3.65,5.64,6.8,NA,7844,7981,1.72,NA,NA,NA,43.93,78.01912920682315,7924,1043361,131.67099949520446,79.69,NA,19572.927,NA,NA,NA,29.14,NA,NA,20713.124,341645,6.062762223945909,310946813,NA,0.61404413,NA,81.69,53967,NA,63621792.265045606,90.19,NA
1987-05-31,27.2,12721,25.79,59915,1987,4338910,10998,NA,NA,NA,NA,NA,65.85,62.76,NA,NA,NA,NA,NA,NA,NA,NA,34904,32.273,140.54,6.85,NA,NA,NA,NA,NA,NA,NA,NA,NA,NA,NA,NA,NA,NA,NA,NA,NA,NA,NA,NA,NA,NA,NA,NA,NA,NA,NA,NA,NA,NA,11337410,8291821,NA,NA,NA,NA,4.5,5,3.73,5.66,6.8,NA,7898,8055,1.94,2129525,NA,NA,NA,NA,NA,NA,NA,NA,NA,NA,NA,NA,NA,29.91,NA,NA,NA,NA,NA,311595602,203081,0.61404413,NA,81.69,50118,NA,63336445.289767735,90.21,NA
1987-06-30,26.64,13153,25.2,60717,1987,4206748,20535,NA,NA,NA,NA,NA,65.83,62.68,NA,NA,NA,NA,NA,NA,NA,NA,35647,31.156,144.48,6.73,NA,NA,NA,NA,NA,NA,NA,NA,NA,NA,NA,NA,NA,NA,NA,NA,NA,NA,NA,NA,NA,NA,NA,NA,NA,NA,NA,NA,NA,NA,11337410,8291821,NA,NA,NA,NA,4.5,5,3.45,5.67,6.8,NA,8030,8173,1.75,2180194,NA,NA,NA,NA,NA,NA,NA,NA,NA,NA,NA,NA,NA,29.55,NA,NA,NA,NA,NA,311261994,134731,0.61404413,NA,81.69,55255,NA,62232992.076319166,89.26,NA
1987-07-31,27.18,12959,24.33,60952,1987,3978347,20021,NA,147539,67866,415195,323538,65.73,62.59,80.48,52.79,67.84,51.54,65.97,106.38,76.33,100964,35982,31.067,150.21,6.58,1150,173696,117838,59859,31598,36023,28990,231170,119138,29045,17647,1065644,861649,270452,178426,3238,18080,431795,329606,1090407,455149,484207,1094689,879296,0.02135694165298492,0.022553953877654725,80.32381799762307,558.3693638048178,60.7574453434326,327949,11337410,8291821,66.08081828,26.801722341754985,NA,86.6,4.5,5,5.28,5.69,6.8,NA,8118,8285,2.02,2181686,NA,NA,46,77.92434879996146,8107,1065644,131.4473911434563,80.86,NA,19627.073,NA,NA,NA,29.939999999999998,NA,NA,18650.25,329606,5.658346632039465,314787199,180050,0.61404413,NA,81.69,53203,NA,65552965.5084069,89.5,NA
1987-08-31,25.55,13240,23.42,63245,1987,3883907,21829,NA,NA,NA,NA,NA,65.62,62.54,NA,NA,NA,NA,NA,NA,NA,NA,36857,29.672,147.56,6.73,NA,NA,NA,NA,NA,NA,NA,NA,NA,NA,NA,NA,NA,NA,NA,NA,NA,NA,NA,NA,NA,NA,NA,NA,NA,NA,NA,NA,NA,NA,11337410,8291821,NA,NA,NA,NA,4.5,5,4.03,6.04,6.8,NA,8139,8311,2.08,2219493,NA,NA,NA,NA,NA,NA,NA,NA,NA,NA,NA,NA,NA,30.01,NA,NA,NA,NA,NA,315568899,315835,0.61404413,NA,81.69,57015,NA,64993161.494523086,89.21,NA
1987-09-30,23.73,13713,22.08,64903,1987,3853857,22281,NA,NA,NA,NA,NA,66.38,63.17,NA,NA,NA,NA,NA,NA,NA,NA,37150,30.099,143,7.22,NA,NA,NA,NA,NA,NA,NA,NA,NA,NA,NA,NA,NA,NA,NA,NA,NA,NA,NA,NA,NA,NA,NA,NA,NA,NA,NA,NA,NA,NA,11337410,8291821,NA,NA,NA,NA,4.5,5,4.21,6.4,6.8,NA,8065,8235,2.07,2253408,NA,NA,NA,NA,NA,NA,NA,NA,NA,NA,NA,NA,NA,30.4,NA,NA,NA,NA,NA,308064901,511592,0.61404413,NA,81.69,65442,NA,62185420.79710298,88.7,NA
1987-10-31,27.61,14304,21.91,70147,1987,3881729,20247,NA,142474,66084,431691,334402,66.6,63.19,81.32,54.13,68.22,51.53,66.59,105.75,77.76,103575,38083,29.984,143.54,7.29,-6847,190674,130069,63520,34384,44633,36296,236599,121918,27539,16762,1094662,866030,301463,200749,66587,62032,486458,378273,1239149,434160,459118,1122201,882792,0.02723048222483306,0.0251322521739051,78.66612130981882,93.15932539384565,60.86640764007407,310640,11337410,8291821,67.78226668,27.47903640703706,NA,88.3,4.5,NA,NA,6.13,6.8,NA,8098,8265,2.01,2295212,NA,NA,46.38,77.46327813181188,8105,1094662,135.06008636644046,79.11,NA,19692.249,NA,NA,NA,30.85,NA,NA,20756.347,378273,5.487134159720625,304720872,317985,0.61404413,NA,81.69,36989,NA,62921371.68406936,88.32,NA
1987-11-30,26.45,14623,22.61,73987,1987,3853411,17419,NA,NA,NA,NA,NA,66.93,63.39,NA,NA,NA,NA,NA,NA,NA,NA,38696,29.745,135.25,6.69,NA,NA,NA,NA,NA,NA,NA,NA,NA,NA,NA,NA,NA,NA,NA,NA,NA,NA,NA,NA,NA,NA,NA,NA,NA,NA,NA,NA,NA,NA,11337410,8291821,NA,NA,NA,NA,4.5,5,3.57,5.69,6.8,NA,8096,8249,1.86,2340625,NA,NA,NA,NA,NA,NA,NA,NA,NA,NA,NA,NA,NA,30.36,NA,NA,NA,NA,NA,300051841,238461,0.61404413,NA,81.69,38892,NA,65686646.743805274,88.45,NA
1987-12-31,27.93,15631,23.54,76748,1987,3981492,41598,NA,NA,NA,NA,NA,67.08,63.59,NA,NA,NA,NA,NA,NA,NA,NA,39644,28.912,128.59,6.77,NA,NA,NA,NA,NA,NA,NA,NA,NA,NA,NA,NA,NA,NA,NA,NA,NA,NA,NA,NA,NA,NA,NA,NA,NA,NA,NA,NA,NA,NA,11337410,8291821,NA,NA,NA,NA,4.5,5,4.56,5.77,6.8,NA,8122,8273,1.82,2420291,NA,NA,NA,NA,NA,NA,NA,NA,NA,NA,NA,NA,NA,32.13,NA,NA,NA,NA,NA,324297685,219757,0.61404413,NA,81.69,36348,NA,64216394.5508832,87.82,NA
1988-01-31,11.89,15579,21.72,75793,1988,3992723,25014,NA,155559,68534,462754,359160,67.17,63.57,80.98,54.82,69.53,61.07,67.49,103.58,78.75,106115,40213,28.578,127.56,6.83,3352,155827,108354,63250,34674,44460,36005,244688,149437,49347,29617,1043481,846395,265291,179033,67558,70683,526946,414946,1242473,419483,434494,1092828,876012,-0.046755071428440924,-0.02617445537831458,80.16009838693738,104.62565499274696,60.01783289764322,294247,17518268,38970678,69.40037357,27.837767755800513,NA,89.8,4.5,5,5.11,5.81,6.8,NA,8145,8291,1.77,2448884,NA,NA,44.06,77.6135916707365,8040,1043481,129.78619402985075,81.11,NA,19744.456,NA,NA,NA,35.61,NA,NA,19626.974,414946,4.730006796065029,303433937,262226,0.639728248,NA,90.01,24915,NA,82137364.77365936,86.55,NA
1988-01-31,11.89,15579,21.72,75793,1988,3992723,25014,NA,155559,68534,462754,359160,67.17,63.57,80.98,54.82,69.53,61.07,67.49,103.58,78.75,106115,40213,28.578,127.56,6.83,3352,155827,108354,63250,34674,44460,36005,244688,149437,49347,29617,1043481,846395,265291,179033,67558,70683,526946,414946,1242473,419483,434494,1092828,876012,-0.046755071428440924,-0.02617445537831458,80.16009838693738,104.62565499274696,60.01783289764322,294247,17518268,38970678,69.40037357,27.837767755800513,NA,89.8,4.5,5.25,3.89,5.81,6.8,NA,8145,8291,1.77,2448884,NA,NA,44.06,77.6135916707365,8040,1043481,129.78619402985075,81.11,NA,19744.456,NA,NA,NA,35.61,NA,NA,19626.974,414946,4.730006796065029,303433937,262226,0.639728248,NA,90.01,24915,NA,82137364.77365936,86.55,NA
1988-02-29,28.08,15779,21.58,76706,1988,3965254,19024,NA,NA,NA,NA,NA,67.15,63.65,NA,NA,NA,NA,NA,NA,NA,NA,40396,28.616,129.16,6.58,NA,NA,NA,NA,NA,NA,NA,NA,NA,NA,NA,NA,NA,NA,NA,NA,NA,NA,NA,NA,NA,NA,NA,NA,NA,NA,NA,NA,NA,NA,17518268,38970678,NA,NA,NA,NA,4.5,5,5.52,5.66,6.8,NA,8025,8164,1.7,2513195,NA,NA,NA,NA,NA,NA,NA,NA,NA,NA,NA,NA,NA,46.8,NA,NA,NA,NA,NA,260381028,296747,0.639728248,NA,90.01,17116,NA,83147434.05192265,86.87,NA
1988-03-31,22.78,15733,20.59,74756,1988,3971714,30760,NA,NA,NA,NA,NA,66.93,63.35,NA,NA,NA,NA,NA,NA,NA,NA,41307,28.637,127.28,6.58,NA,NA,NA,NA,NA,NA,NA,NA,NA,NA,NA,NA,NA,NA,NA,NA,NA,NA,NA,NA,NA,NA,NA,NA,NA,NA,NA,NA,NA,NA,17518268,38970678,NA,NA,NA,NA,4.5,5,5.37,5.7,6.8,NA,7949,8093,1.79,2582679,NA,NA,NA,NA,NA,NA,NA,NA,NA,NA,NA,NA,NA,31.56,NA,NA,NA,NA,NA,314881373,376506,0.639728248,NA,90.01,-4449,NA,88187614.02234921,86.68,NA
1988-04-30,19.4,16110,20.13,74263,1988,3994770,38813,NA,153490,68096,444493,348504,67,63.34,80.87,55.09,69.81,53.85,67.72,104.57,79.96,108631,42157,28.648,124.93,6.87,5302,179096,125018,86798,47821,54029,43695,251678,135540,37297,22524,1118408,887657,319772,216534,31015,32907,503759,402827,1226547,467545,488903,1155705,910181,0.07180485317892707,0.05753604409843086,78.75547825785992,106.10027406093825,60.39091615947664,311814,17518268,38970678,69.29905095,28.47790716159664,NA,92.2,4.5,5,5.23,5.91,6.8,NA,7935,8063,1.59,2654297,NA,NA,44.37,78.40483427185579,7958,1118408,140.5388288514702,79.37,NA,19788.571,NA,NA,NA,31.84,NA,NA,19549.288,402827,4.853023258123215,321399934,488356,0.639728248,NA,90.01,20217,NA,88386222.07564594,87.03,NA
1988-05-31,19.39,16500,20.3,74320,1988,4022023,34712,NA,NA,NA,NA,NA,67.26,63.65,NA,NA,NA,NA,NA,NA,NA,NA,43035,28.616,124.77,7.09,NA,NA,NA,NA,NA,NA,NA,NA,NA,NA,NA,NA,NA,NA,NA,NA,NA,NA,NA,NA,NA,NA,NA,NA,NA,NA,NA,NA,NA,NA,17518268,38970678,NA,NA,NA,NA,4.5,5,4.37,6.26,6.8,NA,7931,8072,1.74,2735165,NA,NA,NA,NA,NA,NA,NA,NA,NA,NA,NA,NA,NA,32.36,NA,NA,NA,NA,NA,325653295,637538,0.639728248,NA,90.01,31628,NA,87135582.33129239,87.79,NA
1988-06-30,20.57,17147,20.45,70326,1988,4067497,35620,NA,NA,NA,NA,NA,67.27,63.85,NA,NA,NA,NA,NA,NA,NA,NA,44081,28.677,127.14,7.51,NA,NA,NA,NA,NA,NA,NA,NA,NA,NA,NA,NA,NA,NA,NA,NA,NA,NA,NA,NA,NA,NA,NA,NA,NA,NA,NA,NA,NA,NA,17518268,38970678,NA,NA,NA,NA,4.5,5,5.65,6.46,6.8,NA,8009,8158,1.83,2853408,NA,NA,NA,NA,NA,NA,NA,NA,NA,NA,NA,NA,NA,32.839999999999996,NA,NA,NA,NA,NA,331234610,680322,0.639728248,NA,90.01,39412,NA,83757164.11492269,88.39,NA
1988-07-31,21.32,17112,22.46,70784,1988,4169536,43663,NA,159998,73968,490273,381745,67.61,64.05,81.4,55.78,70.35,54.02,68.36,106.02,78.77,111594,45225,28.687,133.07,7.75,3280,197663,139059,72129,40231,40233,32748,252117,136199,32945,20264,1149845,927086,310172,212038,64873,62865,544720,429076,1326113,461576,489347,1182790,947350,0.028108704515704467,0.023435911413379713,80.09452227360731,96.90472153284108,61.508574897556535,329867,17518268,38970678,70.84507632,28.98709848641385,NA,94.1,4.5,5.25,5.41,6.73,6.914,NA,8100,8260,1.94,2933087,NA,NA,46.23,77.86376161852682,8141,1149845,141.2412480039307,80.63,NA,19846.722,NA,NA,NA,32.6,NA,NA,20400.681,429076,4.754561196617849,330557214,597264,0.639728248,NA,90.01,23447,NA,83295762.42465116,88.75,NA
1988-08-31,24.43,17336,22.41,70297,1988,4216234,38422,NA,NA,NA,NA,NA,67.52,64.31,NA,NA,NA,NA,NA,NA,NA,NA,45822,28.647,133.63,8.01,NA,NA,NA,NA,NA,NA,NA,NA,NA,NA,NA,NA,NA,NA,NA,NA,NA,NA,NA,NA,NA,NA,NA,NA,NA,NA,NA,NA,NA,NA,17518268,38970678,NA,NA,NA,NA,4.5,5.25,3.97,7.06,7.05,NA,8189,8345,1.87,3011209,NA,NA,NA,NA,NA,NA,NA,NA,NA,NA,NA,NA,NA,33.2,NA,NA,NA,NA,NA,332968889,1015561,0.639728248,NA,90.01,38541,NA,83642378.30209614,89.09,NA
1988-09-30,24.62,17733,22.4,69005,1988,4279587,34650,NA,NA,NA,NA,NA,67.91,64.54,NA,NA,NA,NA,NA,NA,NA,NA,46103,28.861,134.44,8.19,NA,NA,NA,NA,NA,NA,NA,NA,NA,NA,NA,NA,NA,NA,NA,NA,NA,NA,NA,NA,NA,NA,NA,NA,NA,NA,NA,NA,NA,NA,17518268,38970678,NA,NA,NA,NA,4.5,5.25,4.19,7.24,7.05,NA,8135,8269,1.62,3106325,NA,NA,NA,NA,NA,NA,NA,NA,NA,NA,NA,NA,NA,34.260000000000005,NA,NA,NA,NA,NA,321485769,1060782,0.639728248,NA,90.01,25803,NA,79735057.40468451,89.08,NA
1988-10-31,20.71,18258,20.94,71231,1988,4372067,38115,NA,153452,73397,511248,395367,68.23,64.72,82.34,56.45,70.67,54.31,68.83,105.95,80.12,114731,47369,28.822,129.02,8.3,-561,217760,153898,77763,43901,45758,37678,255466,138733,40157,24941,1185893,954524,342098,235477,35081,32730,534278,428061,1329925,478407,506881,1226050,979465,0.03135031243341494,0.0365745398591466,79.88785122955834,93.29836663721103,62.10872326119979,322935,17518268,38970678,71.59165853,29.627292762556078,NA,93.8,4.5,NA,NA,7.35,7.05,NA,8261,8390,1.54,3163750,NA,NA,47.83,77.33370106093325,8290,1185893,143.05102533172496,80.49,NA,19917.908,NA,NA,NA,33.839999999999996,NA,NA,22446.245,428061,5.243702416244413,317605806,298159,0.639728248,NA,90.01,29206,NA,88030896.02004193,89.17,NA
1988-11-30,19.92,18363,21.21,74535,1988,4443439,38749,NA,NA,NA,NA,NA,68.57,64.97,NA,NA,NA,NA,NA,NA,NA,NA,47900,28.118,123.19,8.35,NA,NA,NA,NA,NA,NA,NA,NA,NA,NA,NA,NA,NA,NA,NA,NA,NA,NA,NA,NA,NA,NA,NA,NA,NA,NA,NA,NA,NA,NA,17518268,38970678,NA,NA,NA,NA,4.5,5.25,3.51,7.76,7.05,NA,8336,8461,1.48,3241343,NA,NA,NA,NA,NA,NA,NA,NA,NA,NA,NA,NA,NA,34.21,NA,NA,NA,NA,NA,326641586,1389970,0.639728248,NA,90.01,32209,NA,72042971.21562526,88.58,NA
1988-12-31,16.77,19452,19.82,73897,1988,4540537,37301,NA,NA,NA,NA,NA,68.78,65.3,NA,NA,NA,NA,NA,NA,NA,NA,48812,28.154,123.63,8.76,NA,NA,NA,NA,NA,NA,NA,NA,NA,NA,NA,NA,NA,NA,NA,NA,NA,NA,NA,NA,NA,NA,NA,NA,NA,NA,NA,NA,NA,NA,17518268,38970678,NA,NA,NA,NA,4.5,5.25,4.21,8.07,7.05,NA,8272,8391,1.41,3355730,NA,NA,NA,NA,NA,NA,NA,NA,NA,NA,NA,NA,NA,35.660000000000004,NA,NA,NA,NA,NA,354582662,764592,0.639728248,NA,90.01,32850,NA,74725474.00106563,88.82,NA
1989-01-31,29.76,20114,20.88,74865,1989,4569188,73749,NA,162515,75713,537015,422310,69.24,65.72,82.96,57.25,71.74,64.42,69.74,105.33,79.27,117759,49637,27.767,127.23,9.12,325,182871,131193,72674,41608,50086,41552,268534,172978,42458,26486,1138333,948504,307351,214353,13240,5465,511876,405773,1306280,439998,463458,1180791,974990,-0.04010479866227391,-0.036914481464866845,82.57092067944285,41.27643504531722,62.381647746007815,305211,12253551,-285775476,73.52323009,30.240435958068684,NA,95.2,4.5,5.25,3.8,8.27,7.05,NA,8292,8405,1.35,3470724,NA,NA,46.59,78.64026144521102,8255,1138333,137.8961841308298,83.32,NA,19974.292,NA,NA,NA,53.82,NA,NA,21718.458,405773,5.352366470908612,337406641,594328,0.662748814,NA,92.06,23300,NA,77855288.72216327,88.7,NA
1989-01-31,29.76,20114,20.88,74865,1989,4569188,73749,NA,162515,75713,537015,422310,69.24,65.72,82.96,57.25,71.74,64.42,69.74,105.33,79.27,117759,49637,27.767,127.23,9.12,325,182871,131193,72674,41608,50086,41552,268534,172978,42458,26486,1138333,948504,307351,214353,13240,5465,511876,405773,1306280,439998,463458,1180791,974990,-0.04010479866227391,-0.036914481464866845,82.57092067944285,41.27643504531722,62.381647746007815,305211,12253551,-285775476,73.52323009,30.240435958068684,NA,95.2,4.5,9.5,8.59,8.27,7.05,NA,8292,8405,1.35,3470724,NA,NA,46.59,78.64026144521102,8255,1138333,137.8961841308298,83.32,NA,19974.292,NA,NA,NA,53.82,NA,NA,21718.458,405773,5.352366470908612,337406641,594328,0.662748814,NA,92.06,23300,NA,77855288.72216327,88.7,NA
1989-02-28,22.92,19900,21.57,76160,1989,4655175,42496,NA,NA,NA,NA,NA,69.33,65.98,NA,NA,NA,NA,NA,NA,NA,NA,50516,27.657,127.77,9.36,NA,NA,NA,NA,NA,NA,NA,NA,NA,NA,NA,NA,NA,NA,NA,NA,NA,NA,NA,NA,NA,NA,NA,NA,NA,NA,NA,NA,NA,NA,12253551,-285775476,NA,NA,NA,NA,4.5,5.25,4.42,8.53,7.05,NA,8215,8372,1.88,3523759,NA,NA,NA,NA,NA,NA,NA,NA,NA,NA,NA,NA,NA,44.339999999999996,NA,NA,NA,NA,NA,265803184,713401,0.662748814,NA,92.06,17144,NA,80819554.195657745,88.91,NA
1989-03-31,23.77,20514,21.28,75156,1989,4730329,81440,NA,NA,NA,NA,NA,69.37,66.07,NA,NA,NA,NA,NA,NA,NA,NA,51409,27.526,130.36,9.85,NA,NA,NA,NA,NA,NA,NA,NA,NA,NA,NA,NA,NA,NA,NA,NA,NA,NA,NA,NA,NA,NA,NA,NA,NA,NA,NA,NA,NA,NA,12253551,-285775476,NA,NA,NA,NA,4.5,5.25,3.64,8.82,7.05,NA,8257,8379,1.46,3599769,NA,NA,NA,NA,NA,NA,NA,NA,NA,NA,NA,NA,NA,36.03,NA,NA,NA,NA,NA,374330379,1533262,0.662748814,NA,92.06,35473,NA,86977984.06992155,89.5,NA
1989-04-30,8.05,19439,22.97,76220,1989,4906381,62431,NA,161616,77040,529943,420896,69.7,66.47,82.06,57.55,71.91,57.02,69.81,102.96,77.63,120830,53191,26.963,132.08,9.84,2059,205772,147965,100555,57872,55829,45815,275576,157124,20051,12768,1221465,991943,360478,251652,39609,24261,569373,441998,1399768,488526,502968,1241516,1004711,0.07302959678758325,0.05142739062204912,80.9261419103741,61.251230780883134,63.67762206373747,324039,12253551,-285775476,72.56321397,30.79577873099457,NA,95.2,5.5,7,10.85,8.65,8.145,NA,8229,8338,1.31,3731508,NA,NA,47.67,79.42288132874667,8214,1221465,148.70525931336743,81.21,NA,20017.398,NA,NA,NA,35.99,NA,NA,24821.653,441998,5.615784008072435,357416181,1870653,0.662748814,NA,92.06,26241,NA,81971255.16937582,89.69,NA
1989-05-31,26.32,17886,22.7,74961,1989,4920868,73019,NA,NA,NA,NA,NA,70,66.8,NA,NA,NA,NA,NA,NA,NA,NA,53455,25.82,138.35,9.81,NA,NA,NA,NA,NA,NA,NA,NA,NA,NA,NA,NA,NA,NA,NA,NA,NA,NA,NA,NA,NA,NA,NA,NA,NA,NA,NA,NA,NA,NA,12253551,-285775476,NA,NA,NA,NA,5.5,9.25,11.21,8.43,10.005,NA,8217,8343,1.5,3826376,NA,NA,NA,NA,NA,NA,NA,NA,NA,NA,NA,NA,NA,36.839999999999996,NA,NA,NA,NA,NA,361973425,2765480,0.662748814,NA,92.06,39487,NA,86873846.80427213,88.32,NA
1989-06-30,22.63,18416,22.03,74348,1989,5124723,48866,NA,NA,NA,NA,NA,70.34,66.86,NA,NA,NA,NA,NA,NA,NA,NA,54931,26.027,143.79,9.53,NA,NA,NA,NA,NA,NA,NA,NA,NA,NA,NA,NA,NA,NA,NA,NA,NA,NA,NA,NA,NA,NA,NA,NA,NA,NA,NA,NA,NA,NA,12253551,-285775476,NA,NA,NA,NA,5.5,9.25,7.95,8.15,10.5,NA,8197,8337,1.68,3972203,NA,NA,NA,NA,NA,NA,NA,NA,NA,NA,NA,NA,NA,36.91,NA,NA,NA,NA,NA,362590874,2113351,0.662748814,NA,92.06,22411,NA,84005392.5575013,88.25,NA
1989-07-31,17.9,18280,19.99,75723,1989,5155881,14689,NA,171837,82753,576691,458397,70.22,66.67,81.99,58.25,72.36,56.18,70.23,100.02,72.85,124402,55014,25.821,140.72,9.24,4591,218974,158441,87941,51223,52440,42996,299578,168288,44659,28647,1250117,1023628,359757,252660,12225,-10622,596326,434436,1438636,506481,506588,1294776,1052275,0.02345707818070923,0.04289916521414142,81.27081441114139,-86.88752556237219,64.1460847757451,341407,12253551,-285775476,73.83283668,31.250664874271937,NA,94.4,5.5,9.5,7.23,7.88,10.5,NA,8241,8389,1.76,4002852,NA,NA,48.16,79.48745515362646,8284,1250117,150.90741187831966,81.88,NA,20071.532,NA,NA,NA,37.13,NA,NA,20899.356,434436,4.810686959644228,354318661,1708991,0.662748814,NA,92.06,45119,NA,84346839.50325155,87.6,NA
1989-08-31,12.42,18805,18.9,73425,1989,5183854,101325,NA,NA,NA,NA,NA,70.1,66.75,NA,NA,NA,NA,NA,NA,NA,NA,55870,25.681,141.11,8.99,NA,NA,NA,NA,NA,NA,NA,NA,NA,NA,NA,NA,NA,NA,NA,NA,NA,NA,NA,NA,NA,NA,NA,NA,NA,NA,NA,NA,NA,NA,12253551,-285775476,NA,NA,NA,NA,7.75,9.5,8.75,7.9,10.5,NA,8355,8514,1.87,4071271,NA,NA,NA,NA,NA,NA,NA,NA,NA,NA,NA,NA,NA,37.809999999999995,NA,NA,NA,NA,NA,360804858,3298868,0.662748814,NA,92.06,37587,NA,83146976.30507122,87.06,NA
1989-09-30,15.17,18947,18.54,73801,1989,5226659,77030,NA,NA,NA,NA,NA,70.74,67.21,NA,NA,NA,NA,NA,NA,NA,NA,56168,25.715,145.05,9.02,NA,NA,NA,NA,NA,NA,NA,NA,NA,NA,NA,NA,NA,NA,NA,NA,NA,NA,NA,NA,NA,NA,NA,NA,NA,NA,NA,NA,NA,NA,12253551,-285775476,NA,NA,NA,NA,7.75,9.5,7.06,7.75,10.5,NA,8257,8402,1.72,4136702,NA,NA,NA,NA,NA,NA,NA,NA,NA,NA,NA,NA,NA,38.160000000000004,NA,NA,NA,NA,NA,338774562,2871012,0.662748814,NA,92.06,26754,NA,84088190.22818097,86.77,NA
1989-10-31,12.03,19249,19.13,73417,1989,5311469,90621,NA,160790,79724,591429,468442,71.14,67.4,83.87,59.79,73.47,58.03,71.55,101.65,74.33,128112,57174,25.741,141.93,8.84,5156,225831,165929,93501,55906,59116,49579,297728,172757,50628,32788,1279992,1068389,379324,271414,36014,18369,577470,429260,1496249,479027,486943,1330620,1101177,0.023897763169367345,0.02768355298522679,82.75668485367723,51.005164658188484,64.76258197045114,343989,12253551,-285775476,76.12036417,31.535288333586355,NA,94.4,7.75,NA,NA,7.64,10.5,NA,8265,8389,1.48,4197307,NA,NA,49.58,79.20511168711714,8279,1279992,154.60707814953497,83.47,NA,20129.675,NA,NA,NA,37.99,NA,NA,19621.5,429260,4.571005917159764,338331361,2686544,0.662748814,NA,92.06,33474,NA,84610287.16534916,86.38,NA
1989-11-30,16.28,19090,18.61,73675,1989,5412057,121096,NA,NA,NA,NA,NA,71.61,67.56,NA,NA,NA,NA,NA,NA,NA,NA,57846,26.023,143.52,8.55,NA,NA,NA,NA,NA,NA,NA,NA,NA,NA,NA,NA,NA,NA,NA,NA,NA,NA,NA,NA,NA,NA,NA,NA,NA,NA,NA,NA,NA,NA,12253551,-285775476,NA,NA,NA,NA,7.75,9.5,5.49,7.69,10.493,NA,8289,8411,1.45,4273116,NA,NA,NA,NA,NA,NA,NA,NA,NA,NA,NA,NA,NA,37.96,NA,NA,NA,NA,NA,351746258,3059288,0.662748814,NA,92.06,26832,NA,88078890.3750311,85.93,NA
1989-12-31,17.34,20628,19.18,73224,1989,5547919,119744,NA,NA,NA,NA,NA,71.75,67.71,NA,NA,NA,NA,NA,NA,NA,NA,58673,26.143,143.66,8.45,NA,NA,NA,NA,NA,NA,NA,NA,NA,NA,NA,NA,NA,NA,NA,NA,NA,NA,NA,NA,NA,NA,NA,NA,NA,NA,NA,NA,NA,NA,12253551,-285775476,NA,NA,NA,NA,7.75,9.5,5.66,7.63,10.425,NA,8284,8399,1.36,4382514,NA,NA,NA,NA,NA,NA,NA,NA,NA,NA,NA,NA,NA,40.96,NA,NA,NA,NA,NA,360908568,2192785,0.662748814,NA,92.06,30380,NA,87777370.48355603,85.74,NA
1990-01-31,16.01,21674,18.57,73690,1990,5545937,108440,NA,172409,81507,620489,496433,72.26,68.18,84.34,60.14,73.92,67.76,71.98,102.83,74.44,131477,57930,26.078,145.09,8.23,4524,183103,135351,88463,53198,74262,62632,314869,213361,49109,31646,1222797,1071403,348976,251181,1318,11972,577129,429623,1493241,434296,446572,1271906,1103049,-0.0446838730242064,-0.04412529497527468,86.7240975355097,908.3459787556905,64.44032662037509,321434,14419317,-5116298,75.75821087,32.22371364395464,NA,94.8,7.75,9.5,10.68,7.64,10.425,NA,8208,8317,1.31,4507142,NA,NA,47.28,80.00673662224472,8190,1222797,149.303663003663,87.62,21.25,20180.709,NA,NA,NA,77.67999999999999,NA,NA,19238.177,429623,4.477920642051287,300957352,2259699,0.673665762,NA,92.67,35083,NA,87370317.26793794,85.73,NA
1990-01-31,16.01,21674,18.57,73690,1990,5545937,108440,NA,172409,81507,620489,496433,72.26,68.18,84.34,60.14,73.92,67.76,71.98,102.83,74.44,131477,57930,26.078,145.09,8.23,4524,183103,135351,88463,53198,74262,62632,314869,213361,49109,31646,1222797,1071403,348976,251181,1318,11972,577129,429623,1493241,434296,446572,1271906,1103049,-0.0446838730242064,-0.04412529497527468,86.7240975355097,908.3459787556905,64.44032662037509,321434,14419317,-5116298,75.75821087,32.22371364395464,NA,94.8,7.75,9.5,5.41,7.64,10.425,NA,8208,8317,1.31,4507142,NA,NA,47.28,80.00673662224472,8190,1222797,149.303663003663,87.62,21.25,20180.709,NA,NA,NA,77.67999999999999,NA,NA,19238.177,429623,4.477920642051287,300957352,2259699,0.673665762,NA,92.67,35083,NA,87370317.26793794,85.73,NA
1990-02-28,4.2,20345,17.15,73190,1990,5578053,154333,NA,NA,NA,NA,NA,72.07,68.04,NA,NA,NA,NA,NA,NA,NA,NA,59922,26.12,145.53,8.24,NA,NA,NA,NA,NA,NA,NA,NA,NA,NA,NA,NA,NA,NA,NA,NA,NA,NA,NA,NA,NA,NA,NA,NA,NA,NA,NA,NA,NA,NA,14419317,-5116298,NA,NA,NA,NA,7.75,9.5,13.03,7.74,10.425,NA,8165,8298,1.6,4592895,NA,NA,NA,NA,NA,NA,NA,NA,19.93,NA,NA,NA,NA,38.339999999999996,NA,NA,NA,NA,NA,302623482,3191567,0.673665762,NA,92.67,-8649,NA,92019811.03634275,85.43,NA
1990-03-31,10.35,18725,16.89,69761,1990,5569494,212468,NA,NA,NA,NA,NA,72.13,68.15,NA,NA,NA,NA,NA,NA,NA,NA,59811,26.353,153.08,8.28,NA,NA,NA,NA,NA,NA,NA,NA,NA,NA,NA,NA,NA,NA,NA,NA,NA,NA,NA,NA,NA,NA,NA,NA,NA,NA,NA,NA,NA,NA,14419317,-5116298,NA,NA,NA,NA,7.75,9.5,13.67,7.9,10.525,NA,8197,8323,1.51,4653056,NA,NA,NA,NA,NA,NA,NA,NA,18.37,NA,NA,NA,NA,39.96,NA,NA,NA,NA,NA,363376405,2667456,0.673665762,NA,92.67,20299,NA,91663514.55445571,85.72,NA
1990-04-30,19.85,18361,13.71,69253,1990,5605607,142296,NA,171734,83161,585821,474884,72.43,68.44,84.31,59.83,73.88,59.94,71.91,105.33,75.6,134957,60225,26.363,158.47,8.26,9468,178709,132023,125872,75312,82729,69745,322063,193059,40742,26805,1270934,1101045,385339,277080,19801,34371,602088,455155,1528225,468644,493645,1311676,1127850,0.03936630528207053,0.031268033958484355,85.98541103138275,173.58214231604464,65.7920573364096,338974,14419317,-5116298,78.14760216,32.70287991538334,NA,95.1,7.75,9.5,11.62,7.77,10.525,NA,8210,8319,1.32,4719852,NA,NA,48.42,81.06298681679216,8207,1270934,154.8597538686487,86.63,16.49,20235.842,NA,NA,NA,40.21,NA,NA,22120.583,455155,4.8600109852687545,345651664,2052297,0.673665762,NA,92.67,20580,NA,94641752.2741086,85.74,NA
1990-05-31,-0.31,18311,12.12,68373,1990,5643609,130644,NA,NA,NA,NA,NA,72.97,68.64,NA,NA,NA,NA,NA,NA,NA,NA,60369,26.974,153.52,8.18,NA,NA,NA,NA,NA,NA,NA,NA,NA,NA,NA,NA,NA,NA,NA,NA,NA,NA,NA,NA,NA,NA,NA,NA,NA,NA,NA,NA,NA,NA,14419317,-5116298,NA,NA,NA,NA,7.75,9.5,9.16,7.74,10.343,NA,8196,8318,1.48,4780674,NA,NA,NA,NA,NA,NA,NA,NA,16.34,NA,NA,NA,NA,41.54,NA,NA,NA,NA,NA,355802965,1796304,0.673665762,NA,92.67,32837,NA,92439076.82851312,86.34,NA
1990-06-30,2.72,18156,11.24,63631,1990,5651276,121201,NA,NA,NA,NA,NA,73.09,68.51,NA,NA,NA,NA,NA,NA,NA,NA,60667,27.386,153.77,8.29,NA,NA,NA,NA,NA,NA,NA,NA,NA,NA,NA,NA,NA,NA,NA,NA,NA,NA,NA,NA,NA,NA,NA,NA,NA,NA,NA,NA,NA,NA,14419317,-5116298,NA,NA,NA,NA,7.75,9.5,11.17,7.73,10.3,NA,8214,8354,1.67,4856756,NA,NA,NA,NA,NA,NA,NA,NA,15.05,NA,NA,NA,NA,40.720000000000006,NA,NA,NA,NA,NA,363683049,1416651,0.673665762,NA,92.67,29802,NA,93311650.18773985,86.86,NA
1990-07-31,3.15,17782,11,65942,1990,5637868,131942,NA,181220,92419,620113,508318,73.04,68.52,84.13,60.15,74.45,60.43,72.27,104.89,78.54,138575,61099,27.164,149.28,8.15,1367,211188,157224,108090,65019,64329,54120,328085,198267,38953,26405,1302245,1114442,382421,276363,-45153,-38596,580652,456032,1481144,508813,533703,1341198,1140847,0.024636212423304434,0.022507082541725242,85.06178804322703,85.47826279538458,67.78682001386287,359638,14419317,-5116298,79.45793547,33.00514967800503,NA,95.8,7.75,9.5,11.68,7.62,10.3,NA,8301,8467,1.96,4862013,NA,NA,51,81.97183416570851,8364,1302245,155.69643711142993,85.58,17.14,20304.006,NA,NA,NA,42.36,NA,NA,19406.726,456032,4.255562328959371,358260958,1307205,0.673665762,NA,92.67,38598,NA,93945939.63965069,86.74,NA
1990-08-31,10.32,17644,10.8,67664,1990,5701207,93414,NA,NA,NA,NA,NA,73.13,68.74,NA,NA,NA,NA,NA,NA,NA,NA,61893,27.291,147.42,8.13,NA,NA,NA,NA,NA,NA,NA,NA,NA,NA,NA,NA,NA,NA,NA,NA,NA,NA,NA,NA,NA,NA,NA,NA,NA,NA,NA,NA,NA,NA,14419317,-5116298,NA,NA,NA,NA,7.75,9.5,10.04,7.45,10.3,NA,8435,8615,2.1,4848194,NA,NA,NA,NA,NA,NA,NA,NA,27.32,NA,NA,NA,NA,42.27,NA,NA,NA,NA,NA,370519180,917173,0.673665762,NA,92.67,40595,NA,90210831.3415554,87.95,NA
1990-09-30,11.96,17509,10.85,68090,1990,5993403,111985,NA,NA,NA,NA,NA,74.43,69.74,NA,NA,NA,NA,NA,NA,NA,NA,62596,27.3,138.99,8.2,NA,NA,NA,NA,NA,NA,NA,NA,NA,NA,NA,NA,NA,NA,NA,NA,NA,NA,NA,NA,NA,NA,NA,NA,NA,NA,NA,NA,NA,NA,14419317,-5116298,NA,NA,NA,NA,7.75,9.5,6.67,7.36,10.215,NA,8356,8525,1.98,4851940,NA,NA,NA,NA,NA,NA,NA,NA,35.03,NA,NA,NA,NA,42.83,NA,NA,NA,NA,NA,360133078,421818,0.673665762,NA,92.67,39360,NA,94273719.42434017,89.28,NA
1990-10-31,11.28,17771,11.44,70256,1990,5966683,110290,NA,168174,83435,636009,521324,75.15,70.1,85.99,61.26,75.28,62,73.35,106.46,80.89,142355,62871,27.286,129.73,8.11,-209,226763,170697,119257,73054,70672,60769,325398,201751,48098,32370,1364883,1187398,415149,304520,1212,22931,609945,493380,1583928,513636,546817,1412981,1219768,0.04810001190252218,0.053521553118928006,86.32586000802559,1891.996699669967,67.30009563807226,374058,14419317,-5116298,79.30698152,32.948177797644504,NA,96.3,7.75,NA,NA,7.17,10.05,NA,8346,8493,1.73,4835073,NA,NA,49.61,81.96802246509091,8372,1364883,163.02950310559007,87,36.09,20372.171,NA,NA,NA,43.17,NA,NA,18777.141,493380,3.8058172199927034,366700941,579045,0.673665762,NA,92.67,33454,NA,97523829.29836853,89.27,NA
1990-11-30,1.9,18002,11.18,71476,1990,5959952,139688,NA,NA,NA,NA,NA,75.61,70.18,NA,NA,NA,NA,NA,NA,NA,NA,63596,27.243,129.08,7.81,NA,NA,NA,NA,NA,NA,NA,NA,NA,NA,NA,NA,NA,NA,NA,NA,NA,NA,NA,NA,NA,NA,NA,NA,NA,NA,NA,NA,NA,NA,14419317,-5116298,NA,NA,NA,NA,7.75,9.5,5.87,7.06,10.05,NA,8398,8551,1.8,4886555,NA,NA,NA,NA,NA,NA,NA,NA,33.2,NA,NA,NA,NA,42.660000000000004,NA,NA,NA,NA,NA,382034126,1302172,0.673665762,NA,92.67,36171,NA,98689368.70130783,88.89,NA
1990-12-31,2.15,19256,10.41,72441,1990,6120765,141730,NA,NA,NA,NA,NA,75.83,70.23,NA,NA,NA,NA,NA,NA,NA,NA,64715,27.156,133.55,7.31,NA,NA,NA,NA,NA,NA,NA,NA,NA,NA,NA,NA,NA,NA,NA,NA,NA,NA,NA,NA,NA,NA,NA,NA,NA,NA,NA,NA,NA,NA,14419317,-5116298,NA,NA,NA,NA,7.75,9.5,6.27,6.74,10.05,NA,8371,8500,1.52,4985586,NA,NA,NA,NA,NA,NA,NA,NA,28.32,NA,NA,NA,NA,44.7,NA,NA,NA,NA,NA,384051284,1119895,0.673665762,NA,92.67,16602,NA,99067959.60318664,88.56,NA
1991-01-31,-5.76,19445,10.19,74841,1991,6173077,104138,NA,180902,88283,654911,548221,76.23,70.77,85.86,61.41,75.34,72.12,73.41,107.22,78.86,146307,65275,27.18,133.88,6.91,-1698,181409,136682,108843,66837,74266,63765,339352,244742,55910,37857,1308637,1191557,364109,267284,21193,21516,627406,494768,1582461,481512,516279,1364547,1229414,-0.04120939303954991,-0.03427788484063126,90.09685998356964,101.52408814231113,67.71060633160437,356986,26146209,-225682152,79.99799691,33.115230566360324,93.7,96.4,7.75,9.52,6.28,6.22,10.05,NA,8340,8455,1.37,5070878,NA,NA,48.8,83.70923682759948,8324,1308637,157.2125180201826,91.05,23.54,20425.383,NA,NA,NA,54.02,NA,NA,19347.33,494768,3.9103842609061217,369984331,829310,0.69548595,NA,90.3,13611,NA,100069907.43071799,89.47,NA
1991-01-31,-5.76,19445,10.19,74841,1991,6173077,104138,NA,180902,88283,654911,548221,76.23,70.77,85.86,61.41,75.34,72.12,73.41,107.22,78.86,146307,65275,27.18,133.88,6.91,-1698,181409,136682,108843,66837,74266,63765,339352,244742,55910,37857,1308637,1191557,364109,267284,21193,21516,627406,494768,1582461,481512,516279,1364547,1229414,-0.04120939303954991,-0.03427788484063126,90.09685998356964,101.52408814231113,67.71060633160437,356986,26146209,-225682152,79.99799691,33.115230566360324,93.7,96.4,7.75,8.65,4.91,6.22,10.05,NA,8340,8455,1.37,5070878,NA,NA,48.8,83.70923682759948,8324,1308637,157.2125180201826,91.05,23.54,20425.383,NA,NA,NA,54.02,NA,NA,19347.33,494768,3.9103842609061217,369984331,829310,0.69548595,NA,90.3,13611,NA,100069907.43071799,89.47,NA
1991-02-28,13.63,19841,12.16,75643,1991,6262168,129990,NA,NA,NA,NA,NA,76.36,71.03,NA,NA,NA,NA,NA,NA,NA,NA,65664,27.118,130.48,6.25,NA,NA,NA,NA,NA,NA,NA,NA,NA,NA,NA,NA,NA,NA,NA,NA,NA,NA,NA,NA,NA,NA,NA,NA,NA,NA,NA,NA,NA,NA,26146209,-225682152,NA,NA,NA,NA,7.75,9.52,8.02,5.94,10.05,NA,8309,8423,1.35,5186719,NA,NA,NA,NA,NA,NA,NA,NA,19.58,NA,NA,NA,NA,77.72,NA,NA,NA,NA,NA,298762654,976446,0.69548595,NA,90.3,12680,NA,112331044.36534673,89.1,NA
1991-03-31,5.05,19556,13.29,73322,1991,6480437,181677,NA,NA,NA,NA,NA,76.2,70.75,NA,NA,NA,NA,NA,NA,NA,NA,66587,27.273,137.2,6.12,NA,NA,NA,NA,NA,NA,NA,NA,NA,NA,NA,NA,NA,NA,NA,NA,NA,NA,NA,NA,NA,NA,NA,NA,NA,NA,NA,NA,NA,NA,26146209,-225682152,NA,NA,94.5,NA,7.75,9.5,7.24,5.91,10.05,NA,8324,8440,1.39,5236636,NA,NA,NA,NA,NA,NA,NA,NA,19.13,NA,NA,NA,NA,43.58,NA,NA,NA,NA,NA,383386716,1104381,0.69548595,NA,90.3,17323,NA,115010472.27315278,88.7,NA
1991-04-30,10.48,19385,14.39,73973,1991,6494402,178855,NA,176723,86760,648630,546946,76.52,71.03,85.22,60.45,74.37,63.09,72.54,108.11,78.16,149791,67157,27.337,137.1,5.91,3263,177582,132064,160194,96840,96444,82192,347111,219002,37609,25696,1380742,1235624,428888,311096,14021,15023,686915,536862,1635854,549123,593659,1418351,1261320,0.05509931325493624,0.03942993535583604,88.92862204066553,107.14642322230938,68.32407136589647,369148,26146209,-225682152,80.94710216,33.61830384758686,NA,96.1,7.75,9.5,8.09,5.65,10.05,NA,8367,8486,1.4,5313815,NA,NA,49.09,84.32326596056303,8415,1380742,164.08104575163398,89.49,19.13,20470.49,NA,NA,NA,44.33,NA,NA,21738.098,536862,4.049103494007771,385334351,1578710,0.69548595,NA,90.3,7195,NA,108082278.5078331,88.17,NA
1991-05-31,11.52,19138,15.12,73812,1991,6547515,262188,NA,NA,NA,NA,NA,76.97,71.33,NA,NA,NA,NA,NA,NA,NA,NA,68232,27.282,138.04,5.78,NA,NA,NA,NA,NA,NA,NA,NA,NA,NA,NA,NA,NA,NA,NA,NA,NA,NA,NA,NA,NA,NA,NA,NA,NA,NA,NA,NA,NA,NA,26146209,-225682152,NA,NA,NA,NA,7.75,9.5,8.43,5.46,10.05,NA,8432,8554,1.43,5437517,NA,NA,NA,NA,NA,NA,NA,NA,19.16,NA,NA,NA,NA,45.339999999999996,NA,NA,NA,NA,NA,404078313,1537699,0.69548595,NA,90.3,45166,NA,105344608.08140056,87.82,NA
1991-06-30,11.12,20631,16.63,72155,1991,6866450,361212,NA,NA,NA,NA,NA,77.1,71.4,NA,NA,NA,NA,NA,NA,NA,NA,70434,27.165,139.79,5.9,NA,NA,NA,NA,NA,NA,NA,NA,NA,NA,NA,NA,NA,NA,NA,NA,NA,NA,NA,NA,NA,NA,NA,NA,NA,NA,NA,NA,NA,NA,26146209,-225682152,NA,NA,93.4,NA,7.75,9.5,8.29,5.57,10.05,NA,8446,8564,1.37,5574743,NA,NA,NA,NA,NA,NA,NA,NA,18.08,NA,NA,NA,NA,46.11,NA,NA,NA,NA,NA,391399719,827120,0.69548595,NA,90.3,46059,NA,103971963.02606645,87.65,NA
1991-07-31,10.04,19663,18.08,73888,1991,6846359,409489,NA,188167,94408,682404,581207,76.96,71.46,85.02,60.35,74.35,62.91,72.41,104.83,77.8,153790,70921,26.985,138.01,5.82,477,232649,172979,133889,80807,70926,60299,350930,220782,48284,33352,1422180,1259193,433740,314085,14587,12170,739001,574949,1693145,583310,611490,1470464,1292545,0.030011399667714895,0.03674196302607747,87.90048583304318,83.43045177212586,69.07464170325574,392464,26146209,-225682152,80.76790218,34.05219110940995,NA,95.6,7.375,9.28,7.87,5.58,9.8,NA,8498,8656,1.82,5662064,NA,NA,50.17,85.17051482699398,8501,1422180,167.29561228090813,88.54,19.42,20517.601,NA,NA,NA,47.27,NA,NA,21270.77,574949,3.6995924855943745,402606928,551881,0.69548595,NA,90.3,43924,NA,100520529.85953526,87.4,NA
1991-08-31,6.09,19454,18.81,75772,1991,6874574,449708,NA,NA,NA,NA,NA,76.87,71.5,NA,NA,NA,NA,NA,NA,NA,NA,71676,26.727,138.89,5.66,NA,NA,NA,NA,NA,NA,NA,NA,NA,NA,NA,NA,NA,NA,NA,NA,NA,NA,NA,NA,NA,NA,NA,NA,NA,NA,NA,NA,NA,NA,26146209,-225682152,NA,NA,NA,NA,7.375,9.28,8.39,5.33,9.8,NA,8534,8689,1.78,5749125,NA,NA,NA,NA,NA,NA,NA,NA,19.73,NA,NA,NA,NA,46.5,NA,NA,NA,NA,NA,411423493,591284,0.69548595,NA,90.3,26045,NA,97421840.72121051,86.85,NA
1991-09-30,7.5,19644,19.29,76391,1991,7082024,389292,NA,NA,NA,NA,NA,77.45,71.94,NA,NA,NA,NA,NA,NA,NA,NA,72018,26.565,134.58,5.45,NA,NA,NA,NA,NA,NA,NA,NA,NA,NA,NA,NA,NA,NA,NA,NA,NA,NA,NA,NA,NA,NA,NA,NA,NA,NA,NA,NA,NA,NA,26146209,-225682152,NA,NA,93.9,NA,6.625,8.65,7.04,5.22,9.025,NA,8470,8625,1.79,5805946,NA,NA,NA,NA,NA,NA,NA,NA,20.48,NA,NA,NA,NA,47.71,NA,NA,NA,NA,NA,399953746,415289,0.69548595,NA,90.3,45078,NA,106685106.18763225,86.31,NA
1991-10-31,7.67,19983,18.95,77184,1991,7175662,360952,NA,177561,91216,690648,584648,78.08,72.4,85.65,61.01,74.62,64.34,72.87,102.99,76.01,158068,72712,26.408,130.72,5.21,186,250977,187288,151737,92581,75561,64721,349308,224756,55227,38537,1481356,1331645,472882,344590,8754,15305,680013,516862,1719603,570933,587992,1536583,1370182,0.04160936027788325,0.04496471861942897,89.17071189776277,174.83436143477266,69.77927463016277,425579,26146209,-225682152,81.33516221,34.37374779868745,NA,95.7,6.625,NA,NA,4.99,9.025,NA,8487,8622,1.56,5848254,NA,NA,51.37,84.65209484426221,8516,1481356,173.94974166275247,89.89,22.25,20574.737,NA,NA,NA,47.21,NA,NA,21764.891,516862,4.21096753098506,410584978,334958,0.69548595,NA,90.3,29532,NA,110967931.51708238,86.11,NA
1991-11-30,9.18,19994,19.15,78804,1991,7198716,451609,NA,NA,NA,NA,NA,78.49,72.7,NA,NA,NA,NA,NA,NA,NA,NA,73659,25.978,129.68,4.81,NA,NA,NA,NA,NA,NA,NA,NA,NA,NA,NA,NA,NA,NA,NA,NA,NA,NA,NA,NA,NA,NA,NA,NA,NA,NA,NA,NA,NA,NA,26146209,-225682152,NA,NA,NA,NA,6.25,8.26,6.83,4.56,8.647,NA,8512,8640,1.49,5938193,NA,NA,NA,NA,NA,NA,NA,NA,21,NA,NA,NA,NA,46.949999999999996,NA,NA,NA,NA,NA,417315973,505581,0.69548595,NA,90.3,42961,NA,110099914.99425256,85.72,NA
1991-12-31,10.52,21584,19.36,82405,1991,7408254,470747,NA,NA,NA,NA,NA,78.54,72.69,NA,NA,NA,NA,NA,NA,NA,NA,75765,25.759,128.11,4.43,NA,NA,NA,NA,NA,NA,NA,NA,NA,NA,NA,NA,NA,NA,NA,NA,NA,NA,NA,NA,NA,NA,NA,NA,NA,NA,NA,NA,NA,NA,26146209,-225682152,NA,NA,NA,NA,6.25,8.26,6.33,4.07,8.647,NA,8550,8670,1.39,6125711,NA,NA,NA,NA,NA,NA,NA,NA,18.28,NA,NA,NA,NA,49.68,NA,NA,NA,NA,NA,419563438,430079,0.69548595,NA,90.3,23144,NA,112766424.11791718,84.92,NA
1992-01-31,17.48,23675,19.98,82799,1992,7512467,515531,1,187202,96097,732197,625028,78.76,73.07,84.43,63.6,77.48,74.97,74.91,101.15,74.29,162291,75734,25.172,125.09,4.03,50,214705,166360,134959,85836,80629,68078,354702,265932,45041,31767,1446437,1348266,427543,320274,19422,13805,705538,524124,1742598,544976,551254,1491478,1380033,-0.023572321575637458,-0.029354092815031794,92.52788173878528,71.07918854906806,70.52907351080127,387557,30526430,-304361957,81.36045795,34.91456090396481,95.2,96.2,5.875,7.81,5.56,3.8,8.35,NA,8567,8686,1.37,6336176,NA,NA,51.33,85.36336532381313,8537,1446437,169.43153332552419,93.21,18.55,20623.56,NA,NA,NA,91.07,NA,NA,21199.84,524124,4.044813822683182,410075088,1012565,0.711883068,NA,89.59,12723,NA,108231022.28548014,83.97,NA
1992-01-31,17.48,23675,19.98,82799,1992,7512467,515531,1,187202,96097,732197,625028,78.76,73.07,84.43,63.6,77.48,74.97,74.91,101.15,74.29,162291,75734,25.172,125.09,4.03,50,214705,166360,134959,85836,80629,68078,354702,265932,45041,31767,1446437,1348266,427543,320274,19422,13805,705538,524124,1742598,544976,551254,1491478,1380033,-0.023572321575637458,-0.029354092815031794,92.52788173878528,71.07918854906806,70.52907351080127,387557,30526430,-304361957,81.36045795,34.91456090396481,95.2,96.2,5.875,7.79,6.07,3.8,8.35,NA,8567,8686,1.37,6336176,NA,NA,51.33,85.36336532381313,8537,1446437,169.43153332552419,93.21,18.55,20623.56,NA,NA,NA,91.07,NA,NA,21199.84,524124,4.044813822683182,410075088,1012565,0.711883068,NA,89.59,12723,NA,108231022.28548014,83.97,NA
1992-02-29,10.12,22431,18.82,83215,1992,7625502,420960,NA,NA,NA,NA,NA,78.92,73.39,NA,NA,NA,NA,NA,NA,NA,NA,77765,25.049,127.5,4.06,NA,NA,NA,NA,NA,NA,NA,NA,NA,NA,NA,NA,NA,NA,NA,NA,NA,NA,NA,NA,NA,NA,NA,NA,NA,NA,NA,NA,NA,NA,30526430,-304361957,NA,NA,NA,NA,5.875,7.81,6.89,3.84,8.35,NA,8510,8643,1.54,6358683,NA,NA,NA,NA,NA,NA,NA,NA,18.48,NA,NA,NA,NA,57.620000000000005,NA,NA,NA,NA,NA,309683640,701458,0.711883068,NA,89.59,19944,NA,112082489.8707432,83.47,NA
1992-03-31,9.81,22607,17.88,82536,1992,7823603,675199,NA,NA,NA,NA,NA,78.83,73.27,NA,NA,NA,NA,NA,NA,NA,NA,79022,25.401,132.7,3.98,NA,NA,NA,NA,NA,NA,NA,NA,NA,NA,NA,NA,NA,NA,NA,NA,NA,NA,NA,NA,NA,NA,NA,NA,NA,NA,NA,NA,NA,NA,30526430,-304361957,NA,NA,95.8,NA,5.875,7.81,6.67,4.04,8.35,NA,8535,8654,1.38,6522626,NA,NA,NA,NA,NA,NA,NA,NA,17.59,NA,NA,NA,NA,48.77,NA,NA,NA,NA,NA,402409299,566714,0.711883068,NA,89.59,31068,NA,114353503.54291543,84.07,NA
1992-04-30,10.5,22625,18.46,82786,1992,7956238,806642,1.232100782853234,184765,99352,724352,623466,79.47,73.86,87.15,68.31,80,66.38,78.26,100.75,75.94,166513,80275,25.303,133.53,3.73,6,214334,171471,169102,115510,95338,83088,358383,237884,33385,24074,1498242,1380027,472899,370069,29335,29164,756481,574482,1795149,590163,594574,1531627,1404101,0.03581559376592275,0.026918935445242907,91.6738213677351,99.41707857508096,72.11022914482552,405567,30526430,-304361957,81.6453449,35.50530053716285,NA,96.5,5.875,7.81,6.68,3.75,8.35,NA,8550,8665,1.33,6686289,NA,NA,53.77,86.07224112033929,8573,1498242,174.76286014230723,92.11,19.06,20663.315,NA,NA,NA,49.09,NA,NA,24193.782,574482,4.211408190334945,405320288,367735,0.711883068,NA,89.59,31228,NA,112652212.13140783,84.34,NA
1992-05-31,13.32,23038,19.22,84580,1992,8052628,1056837,NA,NA,NA,NA,NA,79.78,74.14,NA,NA,NA,NA,NA,NA,NA,NA,81799,25.011,130.57,3.82,NA,NA,NA,NA,NA,NA,NA,NA,NA,NA,NA,NA,NA,NA,NA,NA,NA,NA,NA,NA,NA,NA,NA,NA,NA,NA,NA,NA,NA,NA,30526430,-304361957,NA,NA,NA,NA,6.125,7.81,7.95,3.63,8.35,NA,8582,8703,1.4,6909974,NA,NA,NA,NA,NA,NA,NA,NA,20.03,NA,NA,NA,NA,51.309999999999995,NA,NA,NA,NA,NA,408830499,535096,0.711883068,NA,89.59,23046,NA,115940756.56933597,84.42,NA
1992-06-30,12.84,23592,19.14,86632,1992,8218652,949405,NA,NA,NA,NA,NA,79.83,74.18,NA,NA,NA,NA,NA,NA,NA,NA,83779,24.764,126.81,3.76,NA,NA,NA,NA,NA,NA,NA,NA,NA,NA,NA,NA,NA,NA,NA,NA,NA,NA,NA,NA,NA,NA,NA,NA,NA,NA,NA,NA,NA,NA,30526430,-304361957,NA,NA,95.5,NA,6.125,7.86,8.53,3.66,8.35,NA,8588,8723,1.54,7124490,NA,NA,NA,NA,NA,NA,NA,NA,21.28,NA,NA,NA,NA,49.89,NA,NA,NA,NA,NA,406265435,758155,0.711883068,NA,89.59,13069,NA,115550876.28260486,83.84,NA
1992-07-31,15.31,23002,21.87,87995,1992,8476238,1153872,1.3666869347115604,195950,105455,755227,653998,79.54,73.94,89.15,70.35,81.32,65.74,79.92,99.84,76.53,171230,86707,24.773,125.65,3.25,1126,278439,226416,134325,94498,65427,58328,357318,234899,39091,28167,1535102,1401780,474516,379242,32762,21612,765087,585552,1845508,593058,592126,1574193,1429947,0.024602167073143055,0.02779136173493938,90.83682877512477,65.96666870154448,72.05494870942161,404211,30526430,-304361957,81.74141284,36.031386441545706,NA,96.6,6.125,7.86,7.02,3.21,8.35,NA,8638,8793,1.76,7196588,NA,NA,53.82,86.59621544250933,8678,1535102,176.8958285319198,91.32,20.34,20713.865,NA,NA,NA,51.01,NA,NA,23190.051,585552,3.960374313468317,408053414,530314,0.711883068,NA,89.59,6122,NA,111013574.68636468,83.8,NA
1992-08-31,14.12,22634,21.72,89441,1992,8474790,1163765,NA,NA,NA,NA,NA,79.26,73.78,NA,NA,NA,NA,NA,NA,NA,NA,87381,25.115,126.31,3.3,NA,NA,NA,NA,NA,NA,NA,NA,NA,NA,NA,NA,NA,NA,NA,NA,NA,NA,NA,NA,NA,NA,NA,NA,NA,NA,NA,NA,NA,NA,30526430,-304361957,NA,NA,NA,NA,6.125,7.86,7.13,3.13,8.35,NA,8705,8876,1.92,7272412,NA,NA,NA,NA,NA,NA,NA,NA,19.77,NA,NA,NA,NA,50.52,NA,NA,NA,NA,NA,401212395,427631,0.711883068,NA,89.59,25391,NA,113553160.13593225,84.31,NA
1992-09-30,7.37,22548,21.12,89503,1992,8541711,951481,NA,NA,NA,NA,NA,80.07,74.43,NA,NA,NA,NA,NA,NA,NA,NA,87958,25.223,122.72,3.22,NA,NA,NA,NA,NA,NA,NA,NA,NA,NA,NA,NA,NA,NA,NA,NA,NA,NA,NA,NA,NA,NA,NA,NA,NA,NA,NA,NA,NA,NA,30526430,-304361957,NA,NA,96.4,NA,6.125,7.87,6.62,2.91,8.39,NA,8690,8842,1.72,7359179,NA,NA,NA,NA,NA,NA,NA,NA,20.31,NA,NA,NA,NA,50.71,NA,NA,NA,NA,NA,389222548,323640,0.711883068,NA,89.59,21138,NA,111977450.53884034,84.75,NA
1992-10-31,9.97,22852,20.7,87311,1992,8676218,1075024,1.5685186592688303,186239,103127,771553,663229,80.43,74.67,90.25,71.53,81.94,66.9,80.77,101.9,77.14,176314,89125,25.276,121.04,3.1,5728,302839,248139,148166,105979,72730,65637,355836,238044,50492,36602,1577917,1479284,519686,419755,20655,27015,774952,597775,1878032,614228,625889,1628409,1515886,0.027890654822936848,0.03444050380099518,93.09000380125632,130.7915758896151,72.49069159470807,428686,30526430,-304361957,81.22031012,36.65779728674644,NA,96.3,5.625,NA,NA,2.86,8.289,NA,8717,8854,1.55,7386066,NA,NA,55.37,85.96026455732787,8740,1577917,180.53970251716248,93.75,20.26,20772.506,NA,NA,NA,51.09,NA,NA,24472.924,597775,4.0940025929488515,404824375,329071,0.711883068,NA,89.59,24994,NA,112978194.70993225,84.47,NA
1992-11-30,15.34,22519,20.39,83938,1992,8832394,994202,NA,NA,NA,NA,NA,80.65,74.84,NA,NA,NA,NA,NA,NA,NA,NA,89219,25.429,123.87,3.09,NA,NA,NA,NA,NA,NA,NA,NA,NA,NA,NA,NA,NA,NA,NA,NA,NA,NA,NA,NA,NA,NA,NA,NA,NA,NA,NA,NA,NA,NA,30526430,-304361957,NA,NA,NA,NA,5.625,7.79,5.64,3.13,8.289,NA,8742,8863,1.36,7469163,NA,NA,NA,NA,NA,NA,NA,NA,19.15,NA,NA,NA,NA,50.92,NA,NA,NA,NA,NA,402466708,169353,0.711883068,NA,89.59,15991,NA,111764689.74119233,84.22,NA
1992-12-31,12.37,24258,19.61,82306,1992,8891635,975530,NA,NA,NA,NA,NA,80.55,74.78,NA,NA,NA,NA,NA,NA,NA,NA,90737,25.451,124.03,2.92,NA,NA,NA,NA,NA,NA,NA,NA,NA,NA,NA,NA,NA,NA,NA,NA,NA,NA,NA,NA,NA,NA,NA,NA,NA,NA,NA,NA,NA,NA,30526430,-304361957,NA,NA,NA,NA,5.625,7.79,7.04,3.22,8.298,NA,8761,8874,1.27,7704079,NA,NA,NA,NA,NA,NA,NA,NA,18.15,NA,NA,NA,NA,55.36,NA,NA,NA,NA,NA,423333199,195347,0.711883068,NA,89.59,13856,NA,117628092.90417919,84.07,NA
1993-01-31,19.71,25065,19.54,82517,1993,8776389,758877,1.2986623090370144,196958,106803,796937,695726,81.42,75.55,88.77,72.77,84.37,77.11,82.24,103.75,77.72,180919,90616,25.453,125.01,3.02,1279,240202,202670,142213,103493,76056,67517,374690,288919,47228,34415,1544362,1501810,454396,373680,19632,23825,775164,602467,1866422,593097,615324,1591590,1536225,-0.02126537707623405,-0.022610412985926753,96.5214031251767,121.35798696006519,72.86990768188363,397072,33202398,-339972172,82.13554806,36.92477444275357,97.7,96.6,5.625,7.79,7.73,3,8.298,NA,8744,8853,1.23,7809587,NA,NA,54.23,87.29999987451956,8677,1544362,177.98340440244323,97.24,17.35,20818.583,NA,NA,NA,108,NA,NA,24298.057,602467,4.033093430843515,341096690,168070,0.715406358,NA,89.45,10429,NA,123700374.80339475,84.04,NA
1993-01-31,19.71,25065,19.54,82517,1993,8776389,758877,1.2986623090370144,196958,106803,796937,695726,81.42,75.55,88.77,72.77,84.37,77.11,82.24,103.75,77.72,180919,90616,25.453,125.01,3.02,1279,240202,202670,142213,103493,76056,67517,374690,288919,47228,34415,1544362,1501810,454396,373680,19632,23825,775164,602467,1866422,593097,615324,1591590,1536225,-0.02126537707623405,-0.022610412985926753,96.5214031251767,121.35798696006519,72.86990768188363,397072,33202398,-339972172,82.13554806,36.92477444275357,97.7,96.6,5.625,7.59,6,3,8.298,NA,8744,8853,1.23,7809587,NA,NA,54.23,87.29999987451956,8677,1544362,177.98340440244323,97.24,17.35,20818.583,NA,NA,NA,108,NA,NA,24298.057,602467,4.033093430843515,341096690,168070,0.715406358,NA,89.45,10429,NA,123700374.80339475,84.04,NA
1993-02-28,1.63,24326,18.31,82452,1993,9037940,960307,NA,NA,NA,NA,NA,80.69,75.12,NA,NA,NA,NA,NA,NA,NA,NA,92802,25.85,120.96,3.03,NA,NA,NA,NA,NA,NA,NA,NA,NA,NA,NA,NA,NA,NA,NA,NA,NA,NA,NA,NA,NA,NA,NA,NA,NA,NA,NA,NA,NA,NA,33202398,-339972172,NA,NA,NA,NA,5.625,7.79,6.92,2.93,8.298,NA,8628,8744,1.32,7853511,NA,NA,NA,NA,NA,NA,NA,NA,18.48,NA,NA,NA,NA,51.89,NA,NA,NA,NA,NA,384907489,851217,0.715406358,NA,89.45,1875,NA,125656440.71828982,85.02,NA
1993-03-31,11.94,24217,19.09,83200,1993,9119870,1260452,NA,NA,NA,NA,NA,80.78,75.25,NA,NA,NA,NA,NA,NA,NA,NA,93624,26.036,117.07,3.07,NA,NA,NA,NA,NA,NA,NA,NA,NA,NA,NA,NA,NA,NA,NA,NA,NA,NA,NA,NA,NA,NA,NA,NA,NA,NA,NA,NA,NA,NA,33202398,-339972172,NA,NA,98.5,NA,5.625,7.8,7.01,2.95,8.302,NA,8659,8776,1.34,7999320,NA,NA,NA,NA,NA,NA,NA,NA,18.75,NA,NA,NA,NA,52.17,NA,NA,NA,NA,NA,430399964,1628374,0.715406358,NA,89.45,22837,NA,124399822.49784464,85.78,NA
1993-04-30,12.45,23887,18.14,84933,1993,9102951,1094624,1.5879379797826252,195406,108730,788739,695248,81.94,76.19,92.02,72.58,84.05,68.25,82.61,106.12,80.37,185189,94156,25.996,112.45,2.96,555,247497,208014,194436,141124,91194,83916,372317,254097,36489,27110,1604467,1530725,524217,433054,14964,18817,821005,659804,1921354,641341,680583,1640956,1557835,0.03891898402058585,0.031016781960178187,94.93459909954929,125.74846297781342,74.29636328756611,426651,33202398,-339972172,81.61551024,37.3608839535939,NA,96.9,5.625,7.8,7.18,2.87,8.302,NA,8691,8809,1.34,8123340,NA,NA,55.64,88.14677605646482,8690,1604467,184.6337169159954,95.4,18.63,20854.182,NA,NA,NA,52.56,NA,NA,27967.272,659804,4.2387242271947425,426917674,1034129,0.715406358,NA,89.45,11658,NA,119811741.25660951,86.18,NA
1993-05-31,10.59,23743,17.3,85604,1993,9374728,1061742,NA,NA,NA,NA,NA,82.22,76.37,NA,NA,NA,NA,NA,NA,NA,NA,94993,25.986,110.4,3,NA,NA,NA,NA,NA,NA,NA,NA,NA,NA,NA,NA,NA,NA,NA,NA,NA,NA,NA,NA,NA,NA,NA,NA,NA,NA,NA,NA,NA,NA,33202398,-339972172,NA,NA,NA,NA,5.625,7.8,6.91,2.96,8.302,NA,8702,8816,1.29,8199075,NA,NA,NA,NA,NA,NA,NA,NA,18.51,NA,NA,NA,NA,54.03,NA,NA,NA,NA,NA,426155205,676019,0.715406358,NA,89.45,32253,NA,120826499.75887845,86.01,NA
1993-06-30,8.36,25222,17.26,83997,1993,9677293,1082821,NA,NA,NA,NA,NA,82.41,76.57,NA,NA,NA,NA,NA,NA,NA,NA,97273,26.258,107.34,3.04,NA,NA,NA,NA,NA,NA,NA,NA,NA,NA,NA,NA,NA,NA,NA,NA,NA,NA,NA,NA,NA,NA,NA,NA,NA,NA,NA,NA,NA,NA,33202398,-339972172,NA,NA,100.9,NA,5.625,7.8,6.08,3.07,8.302,NA,8677,8800,1.4,8341846,NA,NA,NA,NA,NA,NA,NA,NA,17.59,NA,NA,NA,NA,54.120000000000005,NA,NA,NA,NA,NA,423056727,384300,0.715406358,NA,89.45,10122,NA,118544077.47790994,87.23,NA
1993-07-31,9.4,24497,13.85,82810,1993,9757011,1118453,1.7834232727825492,207711,113199,822688,729812,82.15,76.3,92.27,71.81,84.06,68.49,82.32,106.66,81.1,189885,97905,26.66,107.73,3.06,2122,316508,266060,155296,111520,59021,54460,359068,245939,31209,23045,1636111,1550091,524851,432040,10071,4905,812553,659016,1952455,640553,683212,1667320,1573136,0.01972243742002796,0.01606624431124296,94.35117433965885,48.704200178731014,73.84087923355442,443179,33202398,-339972172,81.02962318,37.76230991866144,NA,96.9,5.625,7.8,5.91,3.04,8.302,NA,8725,8877,1.71,8378626,NA,NA,54.5,88.7106655256914,8817,1636111,185.5632301236248,94.74,16.76,20902.963,NA,NA,NA,54.5,NA,NA,24020.035,659016,3.644833357611955,437760419,384053,0.715406358,NA,89.45,18629,NA,114641568.46004677,87.32,NA
1993-08-31,9.35,24214,14.11,83722,1993,9790289,1162458,NA,NA,NA,NA,NA,81.67,75.99,NA,NA,NA,NA,NA,NA,NA,NA,98772,26.95,103.71,3.03,NA,NA,NA,NA,NA,NA,NA,NA,NA,NA,NA,NA,NA,NA,NA,NA,NA,NA,NA,NA,NA,NA,NA,NA,NA,NA,NA,NA,NA,NA,33202398,-339972172,NA,NA,NA,NA,5.625,7.78,6.08,3.02,8.237,NA,8863,9035,1.9,8428531,NA,NA,NA,NA,NA,NA,NA,NA,16.71,NA,NA,NA,NA,53.67,NA,NA,NA,NA,NA,433600614,378162,0.715406358,NA,89.45,30977,NA,113215337.18486667,87.83,NA
1993-09-30,10.69,24906,14.9,84919,1993,10001787,1106664,NA,NA,NA,NA,NA,82.5,76.56,NA,NA,NA,NA,NA,NA,NA,NA,100725,26.929,105.28,3.09,NA,NA,NA,NA,NA,NA,NA,NA,NA,NA,NA,NA,NA,NA,NA,NA,NA,NA,NA,NA,NA,NA,NA,NA,NA,NA,NA,NA,NA,NA,33202398,-339972172,NA,NA,103.5,NA,5.625,7.59,5.08,2.95,8.038,NA,8862,9004,1.58,8511685,NA,NA,NA,NA,NA,NA,NA,NA,15.99,NA,NA,NA,NA,55.51,NA,NA,NA,NA,NA,424089735,316720,0.715406358,NA,89.45,14532,NA,118227019.02302109,87.1,NA
1993-10-31,11.01,25106,15.27,84164,1993,10036603,1191547,2.108364368777077,198126,112268,836208,739666,83.15,77.04,92.76,71.16,83.81,68.01,82.01,107.06,80.37,195065,101148,26.865,106.92,2.99,673,350371,293636,176332,125474,59647,55329,364902,248152,39201,29264,1685527,1617528,578526,474439,12788,15508,830618,667581,2019112,649222,695076,1724728,1646792,0.03020332972518368,0.034431302929251735,95.48125849409298,121.2699405692837,74.65115685824341,464013,33202398,-339972172,81.54011182,38.48462315478399,NA,97.3,5.625,NA,NA,3.02,8.038,NA,8835,8977,1.58,8607417,NA,NA,56.66,88.4547863689417,8798,1685527,191.58070015912708,95.97,16.56,20963.761,NA,NA,NA,54.51,NA,NA,25301.618,667581,3.7900446537573713,431701170,521514,0.715406358,NA,89.45,18147,NA,116884694.90456007,86.45,NA
1993-11-30,10.76,25268,14.93,83853,1993,10150125,1151299,NA,NA,NA,NA,NA,83.54,77.34,NA,NA,NA,NA,NA,NA,NA,NA,102168,26.886,107.8,3.02,NA,NA,NA,NA,NA,NA,NA,NA,NA,NA,NA,NA,NA,NA,NA,NA,NA,NA,NA,NA,NA,NA,NA,NA,NA,NA,NA,NA,NA,NA,33202398,-339972172,NA,NA,NA,NA,5.5,7.59,5.7,3.1,8.038,NA,8780,8904,1.39,8763122,NA,NA,NA,NA,NA,NA,NA,NA,15.08,NA,NA,NA,NA,54.11,NA,NA,NA,NA,NA,421386782,753296,0.715406358,NA,89.45,33280,NA,118257256.66717383,86.18,NA
1993-12-31,10.78,27971,15.49,83574,1993,10440379,1208995,NA,NA,NA,NA,NA,83.52,77.41,NA,NA,NA,NA,NA,NA,NA,NA,104544,26.77,109.7,2.96,NA,NA,NA,NA,NA,NA,NA,NA,NA,NA,NA,NA,NA,NA,NA,NA,NA,NA,NA,NA,NA,NA,NA,NA,NA,NA,NA,NA,NA,NA,33202398,-339972172,NA,NA,NA,NA,5.5,7.59,5.65,3.06,8.03,NA,8780,8891,1.24,8978296,NA,NA,NA,NA,NA,NA,NA,NA,13.56,NA,NA,NA,NA,58.53,NA,NA,NA,NA,NA,453939188,1960862,0.715406358,NA,89.45,13601,NA,123391624.79621635,85.99,NA
1994-01-31,1.15,28749,15.58,84103,1994,10469126,1309548,1.781390134529148,206586,116193,873884,786329,83.55,77.55,90.49,70.67,83.65,79.85,81.49,106.5,79.44,200189,106126,26.478,111.51,3.05,-808,273553,228823,165631,117053,62553,56603,376349,300513,41439,31227,1636858,1626595,493927,402479,27034,24006,809099,642717,2003236,600741,639792,1678297,1657822,-0.028874648700376798,-0.026920766636826212,98.78001331111238,88.79928978323592,75.35654817925142,411428,31933234,-323612947,82.2396928,39.04382880007566,104.4,98.2,5.5,7.59,6.72,2.98,8.03,NA,8865,8973,1.2,9202536,NA,NA,56.24,89.98093568482773,8826,1636858,185.45864491275776,99.37,14.22,21013.346,NA,NA,NA,86.58,NA,NA,25618.878,642717,3.986027754050383,428950146,2032067,0.743721247,NA,93.78,-1240,NA,120659054.9846253,85.73,NA
1994-01-31,1.15,28749,15.58,84103,1994,10469126,1309548,1.781390134529148,206586,116193,873884,786329,83.55,77.55,90.49,70.67,83.65,79.85,81.49,106.5,79.44,200189,106126,26.478,111.51,3.05,-808,273553,228823,165631,117053,62553,56603,376349,300513,41439,31227,1636858,1626595,493927,402479,27034,24006,809099,642717,2003236,600741,639792,1678297,1657822,-0.028874648700376798,-0.026920766636826212,98.78001331111238,88.79928978323592,75.35654817925142,411428,31933234,-323612947,82.2396928,39.04382880007566,104.4,98.2,5.5,7.29,6.85,2.98,8.03,NA,8865,8973,1.2,9202536,NA,NA,56.24,89.98093568482773,8826,1636858,185.45864491275776,99.37,14.22,21013.346,NA,NA,NA,86.58,NA,NA,25618.878,642717,3.986027754050383,428950146,2032067,0.743721247,NA,93.78,-1240,NA,120659054.9846253,85.73,NA
1994-02-28,26.76,28237,17.03,86163,1994,10501034,930819,NA,NA,NA,NA,NA,84.67,78.5,NA,NA,NA,NA,NA,NA,NA,NA,107199,26.441,106.21,3.25,NA,NA,NA,NA,NA,NA,NA,NA,NA,NA,NA,NA,NA,NA,NA,NA,NA,NA,NA,NA,NA,NA,NA,NA,NA,NA,NA,NA,NA,NA,31933234,-323612947,NA,NA,NA,NA,5.5,7.59,7.07,3.25,8.03,NA,8714,8861,1.66,9253216,NA,NA,NA,NA,NA,NA,NA,NA,13.75,NA,NA,NA,NA,84.14999999999999,NA,NA,NA,NA,NA,347113478,1099803,0.743721247,NA,93.78,5962,NA,119759976.23678978,85.87,NA
1994-03-31,14.99,27642,16.28,86807,1994,10713412,1388084,NA,NA,NA,NA,NA,83.9,77.87,NA,NA,NA,NA,NA,NA,NA,NA,108432,26.408,105.14,3.34,NA,NA,NA,NA,NA,NA,NA,NA,NA,NA,NA,NA,NA,NA,NA,NA,NA,NA,NA,NA,NA,NA,NA,NA,NA,NA,NA,NA,NA,NA,31933234,-323612947,NA,NA,105.2,NA,5.5,7.59,5.52,3.5,8.03,NA,8899,9036,1.52,9277437,NA,NA,NA,NA,NA,NA,NA,NA,13.88,NA,NA,NA,NA,56.06,NA,NA,NA,NA,NA,461453163,1155783,0.743721247,NA,93.78,8050,NA,122928098.89319144,86.14,NA
1994-04-30,13.81,27820,16.67,87256,1994,10872532,1301904,2.1815383446074335,204750,117511,861394,779275,84.84,78.6,93.02,69.52,82.96,69.8,80.98,109.7,82.87,204708,110006,26.392,103.53,3.56,311,269104,223247,231772,161117,83853,77997,381483,266294,24981,19169,1728014,1672847,570945,462361,13301,12597,831515,689056,2057322,659867,723865,1752995,1692016,0.05568961999147146,0.044508212789512225,96.52143902292933,94.70716487482143,76.73431808174213,443177,31933234,-323612947,81.83904088,39.76416121670383,NA,98.5,5.5,7.28,5.51,3.68,7.875,NA,8876,9001,1.38,9377994,NA,NA,57.39,90.46673183235546,8872,1728014,194.77164111812445,96.81,15.15,21054.279,NA,NA,NA,56.52,NA,NA,28000.167,689056,4.063554631263642,462194689,1374167,0.743721247,NA,93.78,13566,NA,114906281.8022048,86.79,NA
1994-05-31,12.92,27921,17.24,87791,1994,11043193,1543242,NA,NA,NA,NA,NA,85.48,79.07,NA,NA,NA,NA,NA,NA,NA,NA,111316,26.8,103.73,4.01,NA,NA,NA,NA,NA,NA,NA,NA,NA,NA,NA,NA,NA,NA,NA,NA,NA,NA,NA,NA,NA,NA,NA,NA,NA,NA,NA,NA,NA,NA,31933234,-323612947,NA,NA,NA,NA,5.5,7.28,5.15,4.14,7.875,NA,8879,9008,1.43,9515443,NA,NA,NA,NA,NA,NA,NA,NA,16.26,NA,NA,NA,NA,57.58,NA,NA,NA,NA,NA,462584437,1427742,0.743721247,NA,93.78,33432,NA,116116614.79245074,87.88,NA
1994-06-30,15.79,29716,17.3,90143,1994,11238844,1567356,NA,NA,NA,NA,NA,85.58,79.14,NA,NA,NA,NA,NA,NA,NA,NA,113280,27.015,102.72,4.25,NA,NA,NA,NA,NA,NA,NA,NA,NA,NA,NA,NA,NA,NA,NA,NA,NA,NA,NA,NA,NA,NA,NA,NA,NA,NA,NA,NA,NA,NA,31933234,-323612947,NA,NA,105.8,NA,5.5,7.06,5.49,4.14,7.76,NA,8860,8998,1.53,9725445,NA,NA,NA,NA,NA,NA,NA,NA,16.74,NA,NA,NA,NA,57.39,NA,NA,NA,NA,NA,473824464,1353394,0.743721247,NA,93.78,11973,NA,117195219.14713578,88.63,NA
1994-07-31,14.15,29734,16.95,90393,1994,11274378,1311396,2.445086265866079,214155,132306,909462,827335,85.31,79.04,91.59,68.88,82.63,70.58,80.45,109.81,84.81,209649,114729,26.645,98.5,4.26,125,350128,289322,175468,120858,50729,46464,356427,251559,35291,27608,1750480,1689099,567612,456644,5061,-1038,835978,708971,2081011,665932,731264,1785771,1716707,0.01300105207480958,0.018697144030644697,96.13253883056674,-20.509780675755778,78.22957694596356,458528,31933234,-323612947,82.76643469,40.2258622569674,NA,99.1,5.5,7.06,6.47,4.33,7.758,NA,8953,9122,1.85,9859770,NA,NA,61.78,90.96971616186272,8996,1750480,194.58425967096488,96.49,17.63,21103.486,NA,NA,NA,58.42,NA,NA,26276.793,708971,3.706328326546502,464943328,2123907,0.743721247,NA,93.78,19355,NA,115168836.74876988,88.78,NA
1994-08-31,14.3,29126,16.47,90986,1994,11292478,1348196,NA,NA,NA,NA,NA,84.78,78.9,NA,NA,NA,NA,NA,NA,NA,NA,115125,26.407,99.85,4.47,NA,NA,NA,NA,NA,NA,NA,NA,NA,NA,NA,NA,NA,NA,NA,NA,NA,NA,NA,NA,NA,NA,NA,NA,NA,NA,NA,NA,NA,NA,31933234,-323612947,NA,NA,NA,NA,5.5,7.06,8.4,4.48,7.758,NA,9055,9239,1.99,10109355,NA,NA,NA,NA,NA,NA,NA,NA,16.82,NA,NA,NA,NA,57.160000000000004,NA,NA,NA,NA,NA,460400087,2327197,0.743721247,NA,93.78,23120,NA,118979721.23593938,89.02,NA
1994-09-30,11.94,29254,15.48,91776,1994,11436981,1230690,NA,NA,NA,NA,NA,85.11,79.03,NA,NA,NA,NA,NA,NA,NA,NA,115631,26.203,98.81,4.73,NA,NA,NA,NA,NA,NA,NA,NA,NA,NA,NA,NA,NA,NA,NA,NA,NA,NA,NA,NA,NA,NA,NA,NA,NA,NA,NA,NA,NA,NA,31933234,-323612947,NA,NA,107,NA,5.5,7.11,7.5,4.62,7.808,NA,8980,9131,1.65,10218592,NA,NA,NA,NA,NA,NA,NA,NA,15.85,NA,NA,NA,NA,58.86,NA,NA,NA,NA,NA,472356035,1471110,0.743721247,NA,93.78,28403,NA,117217447.32753195,89.03,NA
1994-10-31,11.54,29669,15.97,92276,1994,11659428,1247979,2.8337196929391197,206304,125096,917333,830648,85.53,79.31,92.07,69.09,82.96,69.96,80.79,109.79,85.13,215386,117381,26.126,98.42,4.76,1769,399452,331378,192335,132882,59866,55118,366005,256051,37706,29249,1840588,1790855,642899,519378,2203,19033,895222,762115,2162927,731192,802764,1878294,1820104,0.051476166537178375,0.05181123447519307,96.90197594199843,863.9582387653201,77.57120882618152,486239,31933234,-323612947,82.42534567,40.907423287037986,NA,101.1,5.5,NA,NA,4.95,7.935,NA,9045,9194,1.62,10180247,NA,NA,60.64,90.55032360113503,9061,1840588,203.13298752897032,97.3,16.43,21153.782,NA,NA,NA,58.06,NA,NA,27425.995,762115,3.5986688360680477,475566383,1555412,0.743721247,NA,93.78,29368,NA,122582114.2443228,89.23,NA
1994-11-30,14.33,29294,15.58,92263,1994,11751715,1409824,NA,NA,NA,NA,NA,85.91,79.57,NA,NA,NA,NA,NA,NA,NA,NA,118313,26.191,97.96,5.29,NA,NA,NA,NA,NA,NA,NA,NA,NA,NA,NA,NA,NA,NA,NA,NA,NA,NA,NA,NA,NA,NA,NA,NA,NA,NA,NA,NA,NA,NA,31933234,-323612947,NA,NA,NA,NA,5.5,7.29,5.35,5.29,7.935,NA,9062,9199,1.48,10288277,NA,NA,NA,NA,NA,NA,NA,NA,17.3,NA,NA,NA,NA,58.21,NA,NA,NA,NA,NA,497260471,850237,0.743721247,NA,93.78,25435,NA,129704516.72354655,89.77,NA
1994-12-31,13.78,31393,15.15,92455,1994,12101711,1391671,NA,NA,NA,NA,NA,85.94,79.57,NA,NA,NA,NA,NA,NA,NA,NA,120314,26.37,100.12,5.45,NA,NA,NA,NA,NA,NA,NA,NA,NA,NA,NA,NA,NA,NA,NA,NA,NA,NA,NA,NA,NA,NA,NA,NA,NA,NA,NA,NA,NA,NA,31933234,-323612947,NA,NA,NA,NA,5.5,7.29,5.58,5.6,7.935,NA,9076,9207,1.41,10465590,NA,NA,NA,NA,NA,NA,NA,NA,15.88,NA,NA,NA,NA,61.8,NA,NA,NA,NA,NA,512130900,2041293,0.743721247,NA,93.78,20712,NA,136230240.757369,90.69,NA
1995-01-31,21.93,33080,14.57,93203,1995,11915417,1131912,2.301379493805579,213833,129255,904620,833659,86.93,80.46,93.5,70.47,84.96,81.21,82.51,112.05,88.45,220701,119297,26.305,99.75,5.53,-482,307805,261514,172805,121770,63687,59550,412258,334814,42996,33758,1760277,1764105,536675,442834,1687,10685,849925,751780,2084766,682401,764638,1803273,1797863,-0.04363333891126096,-0.039941031595692685,99.69998996269561,633.3728512151748,78.51428039817657,425526,29443211,-350637111,83.37256799,41.275060092974236,108,103,5.5,7.29,6.15,5.71,7.935,NA,9092,9219,1.38,10751609,NA,NA,60.45,92.15571179058611,9033,1760277,194.87180338757886,100.22,16.55,21194.599,NA,NA,NA,124.74000000000001,NA,NA,28387.143,751780,3.7759907153688577,495374017,1006953,0.750642478,NA,103.24,-876,NA,136510740.88969907,91.94,80.20885482
1995-01-31,21.93,33080,14.57,93203,1995,11915417,1131912,2.301379493805579,213833,129255,904620,833659,86.93,80.46,93.5,70.47,84.96,81.21,82.51,112.05,88.45,220701,119297,26.305,99.75,5.53,-482,307805,261514,172805,121770,63687,59550,412258,334814,42996,33758,1760277,1764105,536675,442834,1687,10685,849925,751780,2084766,682401,764638,1803273,1797863,-0.04363333891126096,-0.039941031595692685,99.69998996269561,633.3728512151748,78.51428039817657,425526,29443211,-350637111,83.37256799,41.275060092974236,108,103,5.5,6.75,6.51,5.71,7.935,NA,9092,9219,1.38,10751609,NA,NA,60.45,92.15571179058611,9033,1760277,194.87180338757886,100.22,16.55,21194.599,NA,NA,NA,124.74000000000001,NA,NA,28387.143,751780,3.7759907153688577,495374017,1006953,0.750642478,NA,103.24,-876,NA,136510740.88969907,91.94,80.20885482
1995-02-28,3.2,30758,13.42,95193,1995,12189341,1337032,NA,NA,NA,NA,NA,86.14,80.03,NA,NA,NA,NA,NA,NA,NA,NA,121947,26.333,98.24,5.92,NA,NA,NA,NA,NA,NA,NA,NA,NA,NA,NA,NA,NA,NA,NA,NA,NA,NA,NA,NA,NA,NA,NA,NA,NA,NA,NA,NA,NA,NA,29443211,-350637111,NA,NA,NA,NA,5.8,7.29,5.69,5.77,7.935,NA,9008,9164,1.7,10597357,NA,NA,NA,NA,NA,NA,NA,NA,17.14,NA,NA,NA,NA,58.75,NA,NA,NA,NA,NA,423047229,1028880,0.750642478,NA,103.24,22834,NA,137973974.2460232,92.83,80.20885482
1995-03-31,9.05,30351,13.34,97934,1995,12338711,1557198,NA,NA,NA,NA,NA,86.38,80.25,NA,NA,NA,NA,NA,NA,NA,NA,122799,26.091,90.79,5.98,NA,NA,NA,NA,NA,NA,NA,NA,NA,NA,NA,NA,NA,NA,NA,NA,NA,NA,NA,NA,NA,NA,NA,NA,NA,NA,NA,NA,NA,NA,29443211,-350637111,NA,NA,108.6,NA,5.8,7.29,6.17,5.73,7.935,NA,8999,9139,1.53,10733908,NA,NA,NA,NA,NA,NA,NA,NA,17.02,NA,NA,NA,NA,59.25,NA,NA,NA,NA,NA,551139231,964042,0.750642478,NA,103.24,21028,NA,136475333.57277343,93.58,80.20885482
1995-04-30,9.52,30028,12.77,99528,1995,12361857,1169155,2.7766398115071826,210091,127486,906241,844806,87.91,81.42,97,70.54,85.75,72.23,83.36,113.67,90.96,225603,123762,25.417,83.67,6.05,-2064,310778,266484,236146,166574,83156,80658,421310,304331,23055,18434,1839816,1809832,616242,513716,21551,34222,947119,861472,2196737,744939,846743,1862871,1828266,0.045185502054506194,0.033049904257425246,98.14238345006176,158.7954155259617,79.95662546085448,446315,29443211,-350637111,84.24262355,41.59719292088584,NA,104.5,5.8,7.29,6.55,5.65,7.935,NA,9016,9157,1.53,10791905,NA,NA,60.68,93.22089819374759,9002,1839816,204.37858253721396,98.37,18.74,21234.681,NA,NA,NA,59.5,NA,NA,33276.456,861472,3.8627437688050223,513589294,866572,0.750642478,NA,103.24,923,NA,139633345.26214036,94.07,80.20885482
1995-05-31,8.35,29314,11.73,100316,1995,12406463,1834131,NA,NA,NA,NA,NA,88.27,81.77,NA,NA,NA,NA,NA,NA,NA,NA,123909,25.536,85.1,6.01,NA,NA,NA,NA,NA,NA,NA,NA,NA,NA,NA,NA,NA,NA,NA,NA,NA,NA,NA,NA,NA,NA,NA,NA,NA,NA,NA,NA,NA,NA,29443211,-350637111,NA,NA,NA,NA,5.8,7.29,6,5.67,7.935,NA,9008,9158,1.63,10892746,NA,NA,NA,NA,NA,NA,NA,NA,18.32,NA,NA,NA,NA,62.08,NA,NA,NA,NA,NA,547494745,841060,0.750642478,NA,103.24,21333,NA,150765201.678132,94.46,80.20885482
1995-06-30,6.89,30849,11.38,100412,1995,12795425,2010489,NA,NA,NA,NA,NA,88.73,82.14,NA,NA,NA,NA,NA,NA,NA,NA,126543,25.775,84.53,6,NA,NA,NA,NA,NA,NA,NA,NA,NA,NA,NA,NA,NA,NA,NA,NA,NA,NA,NA,NA,NA,NA,NA,NA,NA,NA,NA,NA,NA,NA,29443211,-350637111,NA,NA,112.5,NA,5.8,7.25,5.7,5.47,7.915,NA,8983,9146,1.77,11078357,NA,NA,NA,NA,NA,NA,NA,NA,17.35,NA,NA,NA,NA,59.48,NA,NA,NA,NA,NA,527927277,766223,0.750642478,NA,103.24,-12041,NA,157375708.42652544,94.86,80.20885482
1995-07-31,6.66,29878,11.3,98961,1995,12836782,2167292,3.0713878543740973,221880,137722,933602,873036,88.03,81.8,95.05,70.29,85.31,72.07,82.85,117.28,92.26,231040,127073,26.249,87.22,5.85,7966,386580,329775,179240,125980,50734,48225,421373,303690,36250,29076,1872485,1851753,608309,503980,8737,15071,958282,884118,2214645,769433,902372,1908735,1880829,0.01775666697104493,0.024620062258739334,98.53798458141125,172.49628018770744,80.20965517241379,486617,29443211,-350637111,85.22385418,42.157572791584144,NA,104.4,5.5,7.07,5.35,5.42,7.82,NA,9075,9256,1.95,11078982,NA,NA,62.07,93.51265314341657,9065,1872485,206.56205184776613,98.89,15.86,21284.962,NA,NA,NA,61.32,NA,NA,28027.351,884118,3.170091661972723,515486319,859915,0.750642478,NA,103.24,16800,NA,171189175.27094215,95.39,80.20885482
1995-08-31,9.73,29908,11.44,92988,1995,12889189,2087171,NA,NA,NA,NA,NA,87.57,81.61,NA,NA,NA,NA,NA,NA,NA,NA,127915,27.229,94.55,5.74,NA,NA,NA,NA,NA,NA,NA,NA,NA,NA,NA,NA,NA,NA,NA,NA,NA,NA,NA,NA,NA,NA,NA,NA,NA,NA,NA,NA,NA,NA,29443211,-350637111,NA,NA,NA,NA,5.5,6.75,6.46,5.4,7.67,NA,9084,9278,2.09,11232790,NA,NA,NA,NA,NA,NA,NA,NA,16.07,NA,NA,NA,NA,61.6,NA,NA,NA,NA,NA,529429081,798785,0.750642478,NA,103.24,28899,NA,181167625.57865572,96.73,80.20885482
1995-09-30,9.39,29686,11.12,90607,1995,12854446,1654439,NA,NA,NA,NA,NA,88.35,82.18,NA,NA,NA,NA,NA,NA,NA,NA,127785,27.418,100.49,5.8,NA,NA,NA,NA,NA,NA,NA,NA,NA,NA,NA,NA,NA,NA,NA,NA,NA,NA,NA,NA,NA,NA,NA,NA,NA,NA,NA,NA,NA,NA,29443211,-350637111,NA,NA,112,NA,5.5,6.75,7.94,5.28,7.68,NA,9035,9222,2.03,11454198,NA,NA,NA,NA,NA,NA,NA,NA,16.66,NA,NA,NA,NA,61.230000000000004,NA,NA,NA,NA,NA,536273600,874570,0.750642478,NA,103.24,19946,NA,183275260.28474128,96.42,80.20885482
1995-10-31,9.14,29929,9.75,91504,1995,12852716,1833191,3.5059664057155886,212733,134458,955418,888673,88.77,82.44,94.15,70.77,84.97,72.2,82.7,118.62,90.02,237154,128549,26.915,100.65,5.76,2770,432338,367339,199951,141513,59158,55697,425459,307182,36352,29307,1935396,1965372,682629,564549,-35243,-15367,942973,848830,2249842,788013,934707,1971748,1994679,0.033597598912674866,0.03301296408354224,101.16297823048382,43.60298498992708,80.62004841549296,531293,29443211,-350637111,85.43144414,42.64844839487159,NA,104.4,5.5,NA,NA,5.28,7.68,NA,9066,9253,2.02,11287105,NA,NA,63.21,93.01405248802095,9078,1935396,213.1962987442168,101.55,16.12,21334.658,NA,NA,NA,60.92,NA,NA,25989.822,848830,3.0618406512493666,525377803,644545,0.750642478,NA,103.24,41145,NA,177350397.1893075,94.77,80.20885482
1995-11-30,6.02,29543,9.44,90775,1995,12904405,1997719,NA,NA,NA,NA,NA,89.38,82.87,NA,NA,NA,NA,NA,NA,NA,NA,128979,27.252,101.92,5.8,NA,NA,NA,NA,NA,NA,NA,NA,NA,NA,NA,NA,NA,NA,NA,NA,NA,NA,NA,NA,NA,NA,NA,NA,NA,NA,NA,NA,NA,NA,29443211,-350637111,NA,NA,NA,NA,5.5,6.73,6.26,5.36,7.67,NA,9074,9254,1.95,11328027,NA,NA,NA,NA,NA,NA,NA,NA,16.88,NA,NA,NA,NA,59.99,NA,NA,NA,NA,NA,541498221,482512,0.750642478,NA,103.24,41300,NA,180230488.91673222,95.13,80.20885482
1995-12-31,7.31,31631,9.45,90310,1995,13205989,2023242,NA,NA,NA,NA,NA,89.43,82.83,NA,NA,NA,NA,NA,NA,NA,NA,131309,27.305,101.81,5.6,NA,NA,NA,NA,NA,NA,NA,NA,NA,NA,NA,NA,NA,NA,NA,NA,NA,NA,NA,NA,NA,NA,NA,NA,NA,NA,NA,NA,NA,NA,29443211,-350637111,NA,NA,NA,NA,5.5,6.73,6.04,5.14,7.67,NA,9095,9272,1.9,11423717,NA,NA,NA,NA,NA,NA,NA,NA,17.96,NA,NA,NA,NA,63.77,NA,NA,NA,NA,NA,532450998,1017141,0.750642478,NA,103.24,37787,NA,189419543.765788,95.35,80.20885482
1996-01-31,-4.88,30759,8.45,89560,1996,13203344,2185158,2.7795090066124497,220032,134896,975610,924182,89.58,83.05,92.4,71,84.58,84.51,82.33,117.92,90.79,242931,131864,27.408,105.84,5.56,7794,316427,267637,176542,125340,64921,59985,423149,357608,51441,41586,1861851,1928580,550203,452962,31148,26820,927914,842459,2208170,741691,874571,1913292,1970166,-0.03799997519887403,-0.0296467905635,102.97257292666254,86.10504687299346,80.84212981862716,463292,28823690,-239602146,86.12691212,43.174556247392886,111,104.6,5.5,6.72,5.71,5,7.67,NA,9103,9292,2.03,11412619,NA,NA,61.31,94.72863131784217,9087,1861851,204.89171343677782,103.58,17.94,21372.055,NA,NA,NA,75.5,1937388,0.23799759421195701,24760.156,842459,2.939033947052616,531278898,650238,0.777486682,NA,97.05,30377,NA,205706871.53972924,95.21,83.85272061
1996-01-31,-4.88,30759,8.45,89560,1996,13203344,2185158,2.7795090066124497,220032,134896,975610,924182,89.58,83.05,92.4,71,84.58,84.51,82.33,117.92,90.79,242931,131864,27.408,105.84,5.56,7794,316427,267637,176542,125340,64921,59985,423149,357608,51441,41586,1861851,1928580,550203,452962,31148,26820,927914,842459,2208170,741691,874571,1913292,1970166,-0.03799997519887403,-0.0296467905635,102.97257292666254,86.10504687299346,80.84212981862716,463292,28823690,-239602146,86.12691212,43.174556247392886,111,104.6,5.5,6.08,4.93,5,7.67,NA,9103,9292,2.03,11412619,NA,NA,61.31,94.72863131784217,9087,1861851,204.89171343677782,103.58,17.94,21372.055,NA,NA,NA,75.5,1937388,0.23799759421195701,24760.156,842459,2.939033947052616,531278898,650238,0.777486682,NA,97.05,30377,NA,205706871.53972924,95.21,83.85272061
1996-02-29,8.54,31568,8.68,90080,1996,13202270,1662979,NA,NA,NA,NA,NA,90.5,83.85,NA,NA,NA,NA,NA,NA,NA,NA,131238,27.478,105.73,5.22,NA,NA,NA,NA,NA,NA,NA,NA,NA,NA,NA,NA,NA,NA,NA,NA,NA,NA,NA,NA,NA,NA,NA,NA,NA,NA,NA,NA,NA,NA,28823690,-239602146,NA,NA,NA,NA,5.5,6.72,6.1,4.83,7.67,NA,9131,9327,2.1,11516901,NA,NA,NA,NA,NA,NA,NA,NA,17.97,NA,NA,NA,NA,118.9,1937388,0.23799759421195701,NA,NA,NA,448965457,297056,0.777486682,NA,97.05,17774,NA,208206527.83008537,95.3,83.85272061
1996-03-31,8.96,31314,8.45,82546,1996,13408282,2217742,NA,NA,NA,NA,NA,89.48,83.29,NA,NA,NA,NA,NA,NA,NA,NA,131740,27.408,105.82,5.31,NA,NA,NA,NA,NA,NA,NA,NA,NA,NA,NA,NA,NA,NA,NA,NA,NA,NA,NA,NA,NA,NA,NA,NA,NA,NA,NA,NA,NA,NA,28823690,-239602146,NA,NA,110.1,NA,5.5,6.72,6.08,4.96,7.67,NA,9027,9234,2.24,11572129,NA,NA,NA,NA,NA,NA,NA,NA,19.99,NA,NA,NA,NA,62.379999999999995,1937388,0.23799759421195701,NA,NA,NA,544484541,660758,0.777486682,NA,97.05,25343,NA,193133711.11214146,95.07,83.85272061
1996-04-30,8.09,30946,8.38,84709,1996,13486784,2236396,3.258246560766132,214564,133753,976502,928253,90.43,84.12,90.54,69.52,82.54,73.37,80.53,117.84,90.06,247824,133009,27.173,107.46,5.22,-1121,319129,263407,246109,171089,80577,72958,475761,349068,21827,17912,1945604,1972253,630140,507454,4156,5975,988609,890343,2298936,796077,938093,1967431,1990165,0.044983728558300316,0.028296255877304666,101.15551701686107,143.76804619826757,82.06349933568517,494761,28823690,-239602146,87.19620066,44.076471100385426,NA,105.4,5.5,6.72,5.93,4.95,7.67,NA,9018,9222,2.21,11586538,NA,NA,62.34,95.05899629493847,9027,1945604,215.53162734020162,101.37,21.01,21405.379,NA,NA,NA,62.74,1937388,0.23799759421195701,26028.256,890343,2.9233964887689354,541559026,1979099,0.777486682,NA,97.05,24097,NA,188886449.71890926,94.03,83.85272061
1996-05-31,9.22,30516,9.01,84763,1996,13582027,2514575,NA,NA,NA,NA,NA,90.83,84.53,NA,NA,NA,NA,NA,NA,NA,NA,134423,27.326,106.45,5.24,NA,NA,NA,NA,NA,NA,NA,NA,NA,NA,NA,NA,NA,NA,NA,NA,NA,NA,NA,NA,NA,NA,NA,NA,NA,NA,NA,NA,NA,NA,28823690,-239602146,NA,NA,NA,NA,5.25,6.64,5.45,5.02,7.55,NA,9050,9268,2.35,11580790,NA,NA,NA,NA,NA,NA,NA,NA,19.15,NA,NA,NA,NA,62.6,1937388,0.23799759421195701,NA,NA,NA,555244395,1261011,0.777486682,NA,97.05,49710,NA,191487260.4265608,93.97,83.85272061
1996-06-30,9.72,33156,9.47,85179,1996,14065180,2416951,NA,NA,NA,NA,NA,91.02,84.75,NA,NA,NA,NA,NA,NA,NA,NA,137177,27.662,108.86,5.27,NA,NA,NA,NA,NA,NA,NA,NA,NA,NA,NA,NA,NA,NA,NA,NA,NA,NA,NA,NA,NA,NA,NA,NA,NA,NA,NA,NA,NA,NA,28823690,-239602146,NA,NA,108.4,NA,5.25,6.64,5.09,5.09,7.55,NA,9013,9254,2.6,11689447,NA,NA,NA,NA,NA,NA,NA,NA,18.27,NA,NA,NA,NA,62.87,1937388,0.23799759421195701,NA,NA,NA,535345996,1342114,0.777486682,NA,97.05,11866,NA,190629742.1603841,94.44,83.85272061
1996-07-31,7.83,32123,9.58,86124,1996,14069900,2219978,3.535342403283423,230551,152894,1011061,967373,90.38,84.32,88.97,69.38,81.31,74.09,79.51,115.82,89.09,253346,137944,27.557,109.32,5.4,1848,411473,334568,173859,120629,47681,42424,436682,323551,24656,20470,1988578,2020604,625872,497621,-34051,-30737,947169,843807,2267464,823437,953709,2013234,2041074,0.022087742418292724,0.023280613144755775,101.38284968364333,90.26753986667059,83.02238805970148,524607,28823690,-239602146,87.2359544,44.61731712787045,NA,103.9,5.25,6.64,5.04,5.15,7.55,NA,9026,9302,2.97,11627412,NA,NA,66.32,95.67899464028382,9030,1988578,220.21904761904761,101.61,19.61,21446.975,NA,NA,NA,63.1,1937388,0.23799759421195701,23989.458,843807,2.8430029615777066,530320072,949365,0.777486682,NA,97.05,39056,NA,191974459.90436527,92.88,83.85272061
1996-08-31,4.35,31022,9.41,86387,1996,13992538,2551083,NA,NA,NA,NA,NA,89.95,84.4,NA,NA,NA,NA,NA,NA,NA,NA,138604,27.49,107.75,5.22,NA,NA,NA,NA,NA,NA,NA,NA,NA,NA,NA,NA,NA,NA,NA,NA,NA,NA,NA,NA,NA,NA,NA,NA,NA,NA,NA,NA,NA,NA,28823690,-239602146,NA,NA,NA,NA,5,6.41,5.45,5.05,7.445,NA,8996,9293,3.19,11676899,NA,NA,NA,NA,NA,NA,NA,NA,19.96,NA,NA,NA,NA,62.24,1937388,0.23799759421195701,NA,NA,NA,538129475,938701,0.777486682,NA,97.05,32698,NA,179585364.87625188,93.5,83.85272061
1996-09-30,7.05,31524,9.7,86678,1996,14124986,2440257,NA,NA,NA,NA,NA,90.6,84.62,NA,NA,NA,NA,NA,NA,NA,NA,139352,27.493,109.75,5.3,NA,NA,NA,NA,NA,NA,NA,NA,NA,NA,NA,NA,NA,NA,NA,NA,NA,NA,NA,NA,NA,NA,NA,NA,NA,NA,NA,NA,NA,NA,28823690,-239602146,NA,NA,107.8,NA,5,6.41,5.1,5.09,7.445,NA,9067,9350,3.03,11705203,NA,NA,NA,NA,NA,NA,NA,NA,22.06,NA,NA,NA,NA,64.11,1937388,0.23799759421195701,NA,NA,NA,532726122,950896,0.777486682,NA,97.05,59523,NA,181071071.03295562,93.16,83.85272061
1996-10-31,5.39,31658,9.93,87253,1996,14143077,2493704,4.07243292543893,218558,146626,1035466,984053,91.05,84.81,88.92,69.7,81.56,73.82,79.73,115.83,87.44,259904,140188,27.508,112.36,5.24,112,474337,386859,192888,134436,57559,51183,462989,341782,35020,29095,2069505,2109868,718055,572478,14126,8806,1047882,916271,2451426,839498,972394,2104525,2138963,0.04069591436694965,0.04534544916288916,101.63637875530107,62.338949454905844,83.0810965162764,562091,28823690,-239602146,88.24529315,45.321649351574486,NA,103.2,5,NA,NA,4.99,7.385,NA,9068,9353,3.05,11672693,NA,NA,67.09,95.03479592763065,9128,2069505,226.72053023663454,101.95,23.68,21497.652,NA,NA,NA,62.92,1937388,0.23799759421195701,25975.305,916271,2.8348932793900494,549801796,987247,0.777486682,NA,97.05,32044,NA,178241419.0713848,92.59,83.85272061
1996-11-30,4.66,32129,10.06,87687,1996,14228879,2410987,NA,NA,NA,NA,NA,91.43,84.97,NA,NA,NA,NA,NA,NA,NA,NA,140860,27.496,112.26,5.31,NA,NA,NA,NA,NA,NA,NA,NA,NA,NA,NA,NA,NA,NA,NA,NA,NA,NA,NA,NA,NA,NA,NA,NA,NA,NA,NA,NA,NA,NA,28823690,-239602146,NA,NA,NA,NA,5,6.02,5.05,5.03,7.38,NA,9133,9402,2.86,11739701,NA,NA,NA,NA,NA,NA,NA,NA,22.28,NA,NA,NA,NA,62.21,1937388,0.23799759421195701,NA,NA,NA,558945148,1628336,0.777486682,NA,97.05,37341,NA,171288749.9070101,92.1,83.85272061
1996-12-31,4.59,34261,9.55,88038,1996,14412708,2947715,NA,NA,NA,NA,NA,91.25,84.74,NA,NA,NA,NA,NA,NA,NA,NA,142609,27.497,113.76,5.29,NA,NA,NA,NA,NA,NA,NA,NA,NA,NA,NA,NA,NA,NA,NA,NA,NA,NA,NA,NA,NA,NA,NA,NA,NA,NA,NA,NA,NA,NA,28823690,-239602146,NA,NA,NA,NA,5,6.02,5.15,4.91,7.38,NA,9183,9428,2.6,11867307,NA,NA,NA,NA,NA,NA,NA,NA,23.52,NA,NA,NA,NA,66.24000000000001,1937388,0.23799759421195701,NA,NA,NA,569738169,1262741,0.777486682,NA,97.05,31396,NA,178873543.91339505,91.94,83.85272061
1997-01-31,11.41,35624,9.35,88393,1997,14032258,2827185,3.171144637835373,230177,144013,1046978,1008194,90.97,84.59,87.59,71.21,81.72,87.61,80.18,115.46,86.32,266465,143877,27.451,118.02,5.25,-1528,355770,290753,180065,128231,65962,57778,454696,398375,39165,32214,1967790,2089355,594604,476762,34422,33278,1039869,897661,2370728,802383,926394,2006955,2121569,-0.04914943428501018,-0.04636200567824093,105.71084055198048,96.6765440706525,82.2520107238606,496921,34525945,-174004780,88.50596548,45.886177420438315,106.5,103.6,5,6.02,5.65,5.03,7.38,NA,9180,9432,2.68,11959656,NA,NA,62.57,96.29562416784306,9127,1967790,215.60096417223622,106.18,23.47,21541.042,NA,NA,NA,108.11999999999999,2174763,0.24730358543990721,25422.313,897661,2.832061658020121,557270527,1865920,0.807302654,NA,91.62,30758,NA,173796341.37172747,92.11,86.79933531
1997-01-31,11.41,35624,9.35,88393,1997,14032258,2827185,3.171144637835373,230177,144013,1046978,1008194,90.97,84.59,87.59,71.21,81.72,87.61,80.18,115.46,86.32,266465,143877,27.451,118.02,5.25,-1528,355770,290753,180065,128231,65962,57778,454696,398375,39165,32214,1967790,2089355,594604,476762,34422,33278,1039869,897661,2370728,802383,926394,2006955,2121569,-0.04914943428501018,-0.04636200567824093,105.71084055198048,96.6765440706525,82.2520107238606,496921,34525945,-174004780,88.50596548,45.886177420438315,106.5,103.6,5,6.03,7.82,5.03,7.38,NA,9180,9432,2.68,11959656,NA,NA,62.57,96.29562416784306,9127,1967790,215.60096417223622,106.18,23.47,21541.042,NA,NA,NA,108.11999999999999,2174763,0.24730358543990721,25422.313,897661,2.832061658020121,557270527,1865920,0.807302654,NA,91.62,30758,NA,173796341.37172747,92.11,86.79933531
1997-02-28,8.53,35587,9.88,88630,1997,13990119,2288582,NA,NA,NA,NA,NA,91.9,85.44,NA,NA,NA,NA,NA,NA,NA,NA,144830,27.541,123.01,5.19,NA,NA,NA,NA,NA,NA,NA,NA,NA,NA,NA,NA,NA,NA,NA,NA,NA,NA,NA,NA,NA,NA,NA,NA,NA,NA,NA,NA,NA,NA,34525945,-174004780,NA,NA,NA,NA,5,6.02,6.66,5.01,7.38,NA,9078,9356,2.97,11998645,NA,NA,NA,NA,NA,NA,NA,NA,20.83,NA,NA,NA,NA,92.11,2174763,0.24730358543990721,NA,NA,NA,438804571,2305608,0.807302654,NA,91.62,6384,NA,176896962.16813782,92.23,86.79933531
1997-03-31,6.81,35640,10.03,88789,1997,14111453,3354773,NA,NA,NA,NA,NA,90.68,84.39,NA,NA,NA,NA,NA,NA,NA,NA,145393,27.533,122.64,5.39,NA,NA,NA,NA,NA,NA,NA,NA,NA,NA,NA,NA,NA,NA,NA,NA,NA,NA,NA,NA,NA,NA,NA,NA,NA,NA,NA,NA,NA,NA,34525945,-174004780,NA,NA,104.6,NA,5,6.02,6.19,5.14,7.38,NA,9123,9385,2.79,12022485,NA,NA,NA,NA,NA,NA,NA,NA,19.21,NA,NA,NA,NA,63.82,2174763,0.24730358543990721,NA,NA,NA,575829060,3555460,0.807302654,NA,91.62,17425,NA,173100911.8634319,92,86.79933531
1997-04-30,6.63,35435,9.76,88949,1997,14179740,2947051,3.6413316105495173,223416,138418,1050127,1014065,91.79,85.07,86.72,70.75,80.72,74.88,79.45,117.07,88.44,272164,145049,27.61,125.51,5.51,254,375919,303454,236199,167109,76452,66297,488739,365974,20486,17000,2053195,2106006,675747,536860,24889,23281,1068809,945284,2465244,830881,972692,2073681,2123006,0.043401480849074345,0.033247382228301085,102.37862043390473,93.53931455663145,82.98350092746266,525160,34525945,-174004780,87.91389591,46.74308761555575,NA,103.2,5,6.02,6.56,5.16,7.38,NA,9119,9361,2.59,12095713,NA,NA,61.96,96.56593916735785,9129,2053195,224.90908095081608,102.57,17.47,21578.401,NA,NA,NA,64.28,2174763,0.24730358543990721,28018.914,945284,2.964073654055289,553735063,3599059,0.807302654,NA,91.62,-3954,NA,171989404.44941476,91.53,86.79933531
1997-05-31,5.43,35241,8.99,90008,1997,14301511,3297153,NA,NA,NA,NA,NA,92.21,85.62,NA,NA,NA,NA,NA,NA,NA,NA,145825,27.768,118.99,5.5,NA,NA,NA,NA,NA,NA,NA,NA,NA,NA,NA,NA,NA,NA,NA,NA,NA,NA,NA,NA,NA,NA,NA,NA,NA,NA,NA,NA,NA,NA,34525945,-174004780,NA,NA,NA,NA,5,6.02,5.66,5.05,7.38,NA,9138,9373,2.51,12158408,NA,NA,NA,NA,NA,NA,NA,NA,19.14,NA,NA,NA,NA,65.66,2174763,0.24730358543990721,NA,NA,NA,572731249,2408399,0.807302654,NA,91.62,47017,NA,179217335.4978468,92.17,86.79933531
1997-06-30,5.82,37173,8.35,90025,1997,14487231,3231018,NA,NA,NA,NA,NA,92.36,85.93,NA,NA,NA,NA,NA,NA,NA,NA,147495,27.878,114.2,5.56,NA,NA,NA,NA,NA,NA,NA,NA,NA,NA,NA,NA,NA,NA,NA,NA,NA,NA,NA,NA,NA,NA,NA,NA,NA,NA,NA,NA,NA,NA,34525945,-174004780,NA,NA,103.2,NA,5,5.95,7.21,4.93,7.375,NA,9131,9382,2.67,12490540,NA,NA,NA,NA,NA,NA,NA,NA,17.55,NA,NA,NA,NA,65.16999999999999,2174763,0.24730358543990721,NA,NA,NA,548446250,3756763,0.807302654,NA,91.62,11570,NA,183555769.19821715,92.85,86.79933531
1997-07-31,8.56,37133,7.6,88770,1997,14590236,3589543,3.8954358896404955,237213,156470,1096821,1059850,91.52,85.26,87.32,70.55,80.7,76.58,79.29,116.67,90.17,278645,148331,27.976,115.16,5.52,4772,475250,383537,174090,122823,48869,42673,472417,361790,28543,23957,2111471,2166159,692471,549033,-12144,-6923,1123311,1012837,2487419,907466,1058776,2140014,2190116,0.028383081003022118,0.03198804444849521,102.34119963701171,57.00757575757576,83.93301334828153,543692,34525945,-174004780,88.11382531,47.53320962539453,NA,102.9,5,5.95,7.11,5.05,7.375,NA,9164,9434,2.85,12567060,NA,NA,65.96,96.62925855723039,9168,2111471,230.3087914485166,102.59,18.43,21636.961,NA,NA,NA,66.54,2174763,0.24730358543990721,26772.233,1012837,2.643291368699998,569025067,5127168,0.807302654,NA,91.62,17884,NA,184437356.92218223,92.56,86.79933531
1997-08-31,7.5,37286,7.09,87793,1997,14621940,3343112,NA,NA,NA,NA,NA,91.1,84.92,NA,NA,NA,NA,NA,NA,NA,NA,148889,28.705,117.9,5.54,NA,NA,NA,NA,NA,NA,NA,NA,NA,NA,NA,NA,NA,NA,NA,NA,NA,NA,NA,NA,NA,NA,NA,NA,NA,NA,NA,NA,NA,NA,34525945,-174004780,NA,NA,NA,NA,5.25,6.03,8.11,5.14,7.5,NA,9171,9458,3.03,12752662,NA,NA,NA,NA,NA,NA,NA,NA,18.69,NA,NA,NA,NA,65.17999999999999,2174763,0.24730358543990721,NA,NA,NA,561682933,3900531,0.807302654,NA,91.62,10873,NA,186046475.3711909,93.32,86.79933531
1997-09-30,6.99,35960,6.5,85752,1997,14885326,3518145,NA,NA,NA,NA,NA,91.93,85.39,NA,NA,NA,NA,NA,NA,NA,NA,148799,28.608,120.75,5.54,NA,NA,NA,NA,NA,NA,NA,NA,NA,NA,NA,NA,NA,NA,NA,NA,NA,NA,NA,NA,NA,NA,NA,NA,NA,NA,NA,NA,NA,NA,34525945,-174004780,NA,NA,102.7,NA,5.25,6.03,7.56,4.95,7.5,NA,9168,9436,2.84,12882807,NA,NA,NA,NA,NA,NA,NA,NA,18.45,NA,NA,NA,NA,67.3,2174763,0.24730358543990721,NA,NA,NA,575014469,2559676,0.807302654,NA,91.62,34058,NA,186639836.8723146,92.68,86.79933531
1997-10-31,9,35732,6.52,82920,1997,14953845,3863343,4.438986851105875,230550,146935,1114182,1074993,92.26,85.15,90.85,71.58,83.8,75.63,81.92,125.43,92.66,286707,149933,29.4,121.06,5.5,3784,571238,478670,194717,139385,53593,48689,486712,368119,18729,15580,2209052,2343629,813921,666744,16739,35908,1207048,1118471,2659668,932341,1169401,2227781,2359209,0.04621470055709977,0.04101234851734615,105.89950268899861,214.51699623633428,83.18650221581505,647781,34525945,-174004780,88.14212687,48.098835101180434,NA,102,5.25,NA,NA,4.97,7.5,NA,9228,9477,2.63,12874464,NA,NA,63.73,96.48271108310851,9278,2209052,238.09571028238844,106.09,20.05,21708.293,NA,NA,NA,66.89,2174763,0.24730358543990721,31350.052,1118471,2.802938297014406,602039293,2432660,0.807302654,NA,91.62,33321,NA,193980128.23252758,93.22,86.79933531
1997-11-30,9.04,36245,7.29,83135,1997,15093246,3558803,NA,NA,NA,NA,NA,92.68,85.46,NA,NA,NA,NA,NA,NA,NA,NA,151318,31.627,125.27,5.52,NA,NA,NA,NA,NA,NA,NA,NA,NA,NA,NA,NA,NA,NA,NA,NA,NA,NA,NA,NA,NA,NA,NA,NA,NA,NA,NA,NA,NA,NA,34525945,-174004780,NA,NA,NA,NA,5.25,6.03,7.12,5.14,7.5,NA,9275,9522,2.6,13088894,NA,NA,NA,NA,NA,NA,NA,NA,19,NA,NA,NA,NA,66.43,2174763,0.24730358543990721,NA,NA,NA,596996617,2443978,0.807302654,NA,91.62,43607,NA,203710013.58600974,96.91,86.79933531
1997-12-31,7.05,37153,8.03,83502,1997,15502778,4573255,NA,NA,NA,NA,NA,92.56,85.46,NA,NA,NA,NA,NA,NA,NA,NA,154213,32.338,129.38,5.5,NA,NA,NA,NA,NA,NA,NA,NA,NA,NA,NA,NA,NA,NA,NA,NA,NA,NA,NA,NA,NA,NA,NA,NA,NA,NA,NA,NA,NA,NA,34525945,-174004780,NA,NA,NA,NA,5.25,6.03,6.67,5.16,7.5,NA,9332,9566,2.45,13306163,NA,NA,NA,NA,NA,NA,NA,NA,17.1,NA,NA,NA,NA,73.46000000000001,2174763,0.24730358543990721,NA,NA,NA,646489874,3285926,0.807302654,NA,91.62,1351,NA,231827706.14951584,97.49,86.79933531
1998-01-31,12.97,39331,9.37,84030,1998,15815393,2602410,3.4295622102302956,242723,154531,1134798,1102551,93.67,86.33,92.49,74.13,85.66,89.28,83.98,128.17,92.84,293953,155125,33.85,129.45,5.56,-1317,433164,371053,177934,131907,65692,60760,486850,434683,32454,27145,2060866,2278387,671281,563720,55480,44848,1169545,1085856,2581357,830082,1063910,2093320,2305532,-0.06708126381814461,-0.06035647130485447,110.13758049414328,80.8363374188897,83.6414617612621,547026,29662599,60864576,87.15513147,48.65068263305945,101,100.7,5.25,6.03,7.31,5.04,7.5,NA,9333,9557,2.35,13615588,NA,NA,63.67,97.15834888676223,9291,2060866,221.8131525131848,110.55,15.09,21765.267,NA,NA,NA,149.76999999999998,2218571,0.2351821439868654,27110.494,1085856,2.4966933000324167,535266890,1453174,0.791832149,NA,79.13,6508,NA,218103543.17263907,98.78,85.40452386
1998-01-31,12.97,39331,9.37,84030,1998,15815393,2602410,3.4295622102302956,242723,154531,1134798,1102551,93.67,86.33,92.49,74.13,85.66,89.28,83.98,128.17,92.84,293953,155125,33.85,129.45,5.56,-1317,433164,371053,177934,131907,65692,60760,486850,434683,32454,27145,2060866,2278387,671281,563720,55480,44848,1169545,1085856,2581357,830082,1063910,2093320,2305532,-0.06708126381814461,-0.06035647130485447,110.13758049414328,80.8363374188897,83.6414617612621,547026,29662599,60864576,87.15513147,48.65068263305945,101,100.7,5.25,6.2,6.06,5.04,7.5,NA,9333,9557,2.35,13615588,NA,NA,63.67,97.15834888676223,9291,2060866,221.8131525131848,110.55,15.09,21765.267,NA,NA,NA,149.76999999999998,2218571,0.2351821439868654,27110.494,1085856,2.4966933000324167,535266890,1453174,0.791832149,NA,79.13,6508,NA,218103543.17263907,98.78,85.40452386
1998-02-28,0.85,38110,8.51,84011,1998,15907742,3483601,NA,NA,NA,NA,NA,91.75,85.14,NA,NA,NA,NA,NA,NA,NA,NA,158043,32.798,126,5.51,NA,NA,NA,NA,NA,NA,NA,NA,NA,NA,NA,NA,NA,NA,NA,NA,NA,NA,NA,NA,NA,NA,NA,NA,NA,NA,NA,NA,NA,NA,29662599,60864576,NA,NA,NA,NA,5.25,6.52,7.22,5.09,7.955,NA,9245,9488,2.57,13448671,NA,NA,NA,NA,NA,NA,NA,NA,14.06,NA,NA,NA,NA,63.879999999999995,2218571,0.2351821439868654,NA,NA,NA,547687690,4526848,0.791832149,NA,79.13,-17665,NA,219079659.0017767,96.51,85.40452386
1998-03-31,3.36,37255,8.13,83615,1998,16030001,4312241,NA,NA,NA,NA,NA,91.75,85.05,NA,NA,NA,NA,NA,NA,NA,NA,157955,32.476,128.69,5.49,NA,NA,NA,NA,NA,NA,NA,NA,NA,NA,NA,NA,NA,NA,NA,NA,NA,NA,NA,NA,NA,NA,NA,NA,NA,NA,NA,NA,NA,NA,29662599,60864576,NA,NA,99.8,NA,5.25,6.52,6.93,5.03,7.955,NA,9296,9519,2.34,13483418,NA,NA,NA,NA,NA,NA,NA,NA,13.08,NA,NA,NA,NA,65.94000000000001,2218571,0.2351821439868654,NA,NA,NA,609191175,3647688,0.791832149,NA,79.13,15665,NA,212660896.61488107,94.95,85.40452386
1998-04-30,3.68,36055,8.37,84032,1998,15994711,4235988,3.8566162499049934,235405,151065,1122182,1090841,92.76,85.96,90.95,72.84,84.03,76.47,82.43,126.65,91.74,300789,157478,32.976,131.67,5.45,846,434570,365171,230145,167631,73294,66661,533423,407898,7940,6756,2140868,2291608,727205,599463,26251,14340,1165527,1069272,2624260,866383,1097273,2148808,2298364,0.03881960302125417,0.02650717520493761,106.9599517499935,54.6264904194126,85.08816120906802,589248,29662599,60864576,86.79154435,49.21704885851779,NA,99.9,5.25,6.53,6.8,4.95,7.955,NA,9277,9494,2.29,13424691,NA,NA,64.17,97.20713752314687,9267,2140868,231.0206107693968,107.04,13.39,21810.745,NA,NA,NA,66.91000000000001,2218571,0.2351821439868654,29098.135,1069272,2.7213033727620286,596326170,2879608,0.791832149,NA,79.13,10657,NA,217106340.94413427,94.69,85.40452386
1998-05-31,5.33,36467,8.29,84446,1998,16177641,3999961,NA,NA,NA,NA,NA,92.83,86.05,NA,NA,NA,NA,NA,NA,NA,NA,157973,33.466,135,5.49,NA,NA,NA,NA,NA,NA,NA,NA,NA,NA,NA,NA,NA,NA,NA,NA,NA,NA,NA,NA,NA,NA,NA,NA,NA,NA,NA,NA,NA,NA,29662599,60864576,NA,NA,NA,NA,5.25,6.53,6.88,5,7.955,NA,9276,9501,2.37,13478485,NA,NA,NA,NA,NA,NA,NA,NA,14.39,NA,NA,NA,NA,69.14,2218571,0.2351821439868654,NA,NA,NA,570058995,2172185,0.791832149,NA,79.13,20831,NA,231173555.26651087,94.18,85.40452386
1998-06-30,4.6,37571,7.76,83286,1998,16623918,4698370,NA,NA,NA,NA,NA,92.77,86.09,NA,NA,NA,NA,NA,NA,NA,NA,159449,34.448,140.57,5.56,NA,NA,NA,NA,NA,NA,NA,NA,NA,NA,NA,NA,NA,NA,NA,NA,NA,NA,NA,NA,NA,NA,NA,NA,NA,NA,NA,NA,NA,NA,29662599,60864576,NA,NA,98.2,NA,5.25,6.53,6.84,4.98,7.955,NA,9247,9504,2.7,13688830,NA,NA,NA,NA,NA,NA,NA,NA,12.06,NA,NA,NA,NA,66.77,2218571,0.2351821439868654,NA,NA,NA,586475654,2639282,0.791832149,NA,79.13,19367,NA,235348906.94826746,95.12,85.40452386
1998-07-31,3.73,36489,7.95,83607,1998,16512560,4916038,4.1376453598844725,253717,167283,1159270,1123810,92.11,85.83,90.81,72.8,83.84,78.59,82.26,123.75,91.85,307987,159985,34.364,140.73,5.54,3536,538899,451815,173745,126485,49455,44912,457064,359205,5760,4938,2211687,2345962,757629,623212,18676,2014,1190992,1093973,2633673,940974,1164411,2217447,2350900,0.03307957333193826,0.03194282597607604,106.0183174614771,10.783893767402013,85.72916666666667,590913,29662599,60864576,86.94527816,50.047774924474055,NA,98.5,5.25,6.53,6.75,4.96,7.955,NA,9271,9551,2.93,13628713,NA,NA,65.93,96.94117850026309,9273,2211687,238.5082497573601,106.07,12.04,21858.492,NA,NA,NA,67.83,2218571,0.2351821439868654,27096.635,1093973,2.476901623714662,597766273,2594260,0.791832149,NA,79.13,38718,NA,232652477.487508,94.21,85.40452386
1998-08-31,5.13,35792,8.45,83666,1998,16729154,5039705,NA,NA,NA,NA,NA,91.71,85.67,NA,NA,NA,NA,NA,NA,NA,NA,160919,34.688,144.65,5.55,NA,NA,NA,NA,NA,NA,NA,NA,NA,NA,NA,NA,NA,NA,NA,NA,NA,NA,NA,NA,NA,NA,NA,NA,NA,NA,NA,NA,NA,NA,29662599,60864576,NA,NA,NA,NA,5.25,6.51,6.67,4.9,7.92,NA,9287,9579,3.05,13683950,NA,NA,NA,NA,NA,NA,NA,NA,11.88,NA,NA,NA,NA,65.41000000000001,2218571,0.2351821439868654,NA,NA,NA,588085841,1792767,0.791832149,NA,79.13,48968,NA,212159482.4424327,93.88,85.40452386
1998-09-30,2.95,35934,9.59,84247,1998,16989910,5940848,NA,NA,NA,NA,NA,92.11,86.34,NA,NA,NA,NA,NA,NA,NA,NA,162858,34.568,134.59,5.51,NA,NA,NA,NA,NA,NA,NA,NA,NA,NA,NA,NA,NA,NA,NA,NA,NA,NA,NA,NA,NA,NA,NA,NA,NA,NA,NA,NA,NA,NA,29662599,60864576,NA,NA,96.8,NA,5.125,6.48,6.52,4.61,7.898,NA,9260,9545,2.98,13826816,NA,NA,NA,NA,NA,NA,NA,NA,13.36,NA,NA,NA,NA,68.53,2218571,0.2351821439868654,NA,NA,NA,604328386,2043773,0.791832149,NA,79.13,40845,NA,215866256.96061352,93.81,85.40452386
1998-10-31,4.23,35968,9.74,86558,1998,17099842,5552181,4.764421980694687,240874,167802,1189754,1158291,92.89,86.9,91.32,72.79,84.75,77.83,82.94,119.07,87.3,316428,163792,33.022,121.3,5.07,-5577,576490,488555,195588,142367,67725,61849,516450,401947,33075,28240,2278833,2450380,835296,692771,46848,27556,1249720,1090992,2808809,917934,1093005,2311908,2478620,0.030359630454038024,0.04259898883716274,107.21101358704585,58.82001366120219,85.38170823885109,629365,29662599,60864576,87.62087893,50.99645028641704,NA,98.5,5.125,NA,NA,3.96,7.811,NA,9300,9586,2.98,13780100,NA,NA,69.66,97.35550374279053,9327,2278833,244.32647153425538,107.53,12.56,21905.902,NA,NA,NA,66.84,2218571,0.2351821439868654,26308.908,1090992,2.4114666285362314,599370684,1889376,0.791832149,NA,79.13,1718,NA,214487545.96000564,90.95,85.40452386
1998-11-30,4.84,37397,9.82,88074,1998,17361985,4676125,NA,NA,NA,NA,NA,93.39,87.13,NA,NA,NA,NA,NA,NA,NA,NA,165784,32.518,120.58,4.83,NA,NA,NA,NA,NA,NA,NA,NA,NA,NA,NA,NA,NA,NA,NA,NA,NA,NA,NA,NA,NA,NA,NA,NA,NA,NA,NA,NA,NA,NA,29662599,60864576,NA,NA,NA,NA,5,5.79,5.4,4.41,7.769,NA,9338,9620,2.93,13965220,NA,NA,NA,NA,NA,NA,NA,NA,10.92,NA,NA,NA,NA,65.97,2218571,0.2351821439868654,NA,NA,NA,576802031,2411960,0.791832149,NA,79.13,55236,NA,218858021.30415362,89.83,85.40452386
1998-12-31,7.16,38548,9.04,90341,1998,17547831,5500262,NA,NA,NA,NA,NA,93.38,87.03,NA,NA,NA,NA,NA,NA,NA,NA,166969,32.292,117.62,4.68,NA,NA,NA,NA,NA,NA,NA,NA,NA,NA,NA,NA,NA,NA,NA,NA,NA,NA,NA,NA,NA,NA,NA,NA,NA,NA,NA,NA,NA,NA,29662599,60864576,NA,NA,NA,NA,4.75,5.44,4.95,4.39,7.704,NA,9342,9611,2.8,14039819,NA,NA,NA,NA,NA,NA,NA,NA,9.8,NA,NA,NA,NA,72.05,2218571,0.2351821439868654,NA,NA,NA,603177412,1568048,0.791832149,NA,79.13,-2883,NA,217434919.03686756,88.82,85.40452386
1999-01-31,-2.71,38564,7.37,91920,1999,17885716,4480158,3.679011172759748,253603,165493,1182451,1148514,92.78,86.75,91.6,73.96,84.76,91.29,83.26,118.11,86.96,324681,168379,32.248,113.18,4.63,-1646,434507,368292,188547,139447,66000,60455,498065,454673,33851,28497,2189895,2408988,682409,568194,22322,13218,1174147,1021095,2625793,914389,1079991,2223746,2437485,-0.039027870844419055,-0.038133870378925114,109.61166428180198,59.215124092823224,84.18362825322738,550275,1773373,-45609209,86.51152713,51.67285350395376,98,97.9,4.75,5.44,4.85,4.34,7.701,NA,9352,9617,2.76,13982087,NA,NA,65.26,97.12994449664299,9321,2189895,234.94206630189893,110,10.95,21947.387,NA,NA,NA,95.61999999999999,2322698,0.2347792141525481,24202.403,1021095,2.370240085398518,567998445,1408876,0.812482417,NA,78.7,19414,NA,206032028.3772128,88.8,88.68451376
1999-01-31,-2.71,38564,7.37,91920,1999,17885716,4480158,3.679011172759748,253603,165493,1182451,1148514,92.78,86.75,91.6,73.96,84.76,91.29,83.26,118.11,86.96,324681,168379,32.248,113.18,4.63,-1646,434507,368292,188547,139447,66000,60455,498065,454673,33851,28497,2189895,2408988,682409,568194,22322,13218,1174147,1021095,2625793,914389,1079991,2223746,2437485,-0.039027870844419055,-0.038133870378925114,109.61166428180198,59.215124092823224,84.18362825322738,550275,1773373,-45609209,86.51152713,51.67285350395376,98,97.9,4.75,5.03,4.82,4.34,7.701,NA,9352,9617,2.76,13982087,NA,NA,65.26,97.12994449664299,9321,2189895,234.94206630189893,110,10.95,21947.387,NA,NA,NA,95.61999999999999,2322698,0.2347792141525481,24202.403,1021095,2.370240085398518,567998445,1408876,0.812482417,NA,78.7,19414,NA,206032028.3772128,88.8,88.68451376
1999-02-28,11.82,39620,7.85,92616,1999,17977588,3184351,NA,NA,NA,NA,NA,94.28,87.95,NA,NA,NA,NA,NA,NA,NA,NA,169236,32.555,116.66,4.76,NA,NA,NA,NA,NA,NA,NA,NA,NA,NA,NA,NA,NA,NA,NA,NA,NA,NA,NA,NA,NA,NA,NA,NA,NA,NA,NA,NA,NA,NA,1773373,-45609209,NA,NA,NA,NA,4.5,5.05,4.75,4.44,7.667,NA,9337,9599,2.73,14036789,NA,NA,NA,NA,NA,NA,NA,NA,10.2,NA,NA,NA,NA,119.21000000000001,2322698,0.2347792141525481,NA,NA,NA,466963174,985525,0.812482417,NA,78.7,36281,NA,193882098.30026972,88.93,88.68451376
1999-03-31,7.3,39146,8.57,93005,1999,18000179,5026085,NA,NA,NA,NA,NA,92.38,86.38,NA,NA,NA,NA,NA,NA,NA,NA,170273,33.113,119.78,4.81,NA,NA,NA,NA,NA,NA,NA,NA,NA,NA,NA,NA,NA,NA,NA,NA,NA,NA,NA,NA,NA,NA,NA,NA,NA,NA,NA,NA,NA,NA,1773373,-45609209,NA,NA,98.2,NA,4.5,5.03,4.73,4.44,7.667,NA,9275,9547,2.84,14026197,NA,NA,NA,NA,NA,NA,NA,NA,12.12,NA,NA,NA,NA,68.41000000000001,2322698,0.2347792141525481,NA,NA,NA,625629616,2390317,0.812482417,NA,78.7,38392,NA,193425047.9822681,89.26,88.68451376
1999-04-30,6.6,39568,9.09,95120,1999,18222628,4447053,4.098141673633807,247298,157985,1197865,1161405,93.55,87.26,89.8,72.47,82.86,77.8,81.52,115.62,86.98,331544,171637,32.893,119.81,4.74,-2185,431854,357855,248086,179793,88748,79699,521885,406033,12492,10565,2295902,2406800,757297,617347,1227,-10900,1232580,1072042,2706967,992056,1146972,2308394,2417365,0.04840734373109213,0.03806549848768699,104.72064127700904,-888.3455582722087,84.5741274415626,601418,1773373,-45609209,86.80748454,52.25935165939792,NA,98.2,4.5,5.02,4.72,4.29,7.667,NA,9303,9565,2.75,14059277,NA,NA,63.88,96.95625133049217,9345,2295902,245.6823970037453,104.83,15.16,21987.037,NA,NA,NA,68.34,2322698,0.2347792141525481,25436.676,1072042,2.372731292244147,609783416,2915816,0.812482417,NA,78.7,33942,NA,186805423.74909225,88.91,88.68451376
1999-05-31,6.32,39268,9.32,95704,1999,18277075,4172335,NA,NA,NA,NA,NA,93.43,87.19,NA,NA,NA,NA,NA,NA,NA,NA,172003,32.756,122.11,4.74,NA,NA,NA,NA,NA,NA,NA,NA,NA,NA,NA,NA,NA,NA,NA,NA,NA,NA,NA,NA,NA,NA,NA,NA,NA,NA,NA,NA,NA,NA,1773373,-45609209,NA,NA,NA,NA,4.5,5.02,4.7,4.5,7.667,NA,9348,9621,2.84,14101687,NA,NA,NA,NA,NA,NA,NA,NA,15.22,NA,NA,NA,NA,69.54,2322698,0.2347792141525481,NA,NA,NA,599569665,2661043,0.812482417,NA,78.7,62247,NA,188642756.74800244,88.89,88.68451376
1999-06-30,6.06,42362,9.64,97704,1999,18628291,3955303,NA,NA,NA,NA,NA,93.43,87.37,NA,NA,NA,NA,NA,NA,NA,NA,174849,32.483,120.9,4.76,NA,NA,NA,NA,NA,NA,NA,NA,NA,NA,NA,NA,NA,NA,NA,NA,NA,NA,NA,NA,NA,NA,NA,NA,NA,NA,NA,NA,NA,NA,1773373,-45609209,NA,NA,98.2,NA,4.5,5.02,4.74,4.57,7.667,NA,9385,9667,2.92,14354431,NA,NA,NA,NA,NA,NA,NA,NA,15.6,NA,NA,NA,NA,71.67999999999999,2322698,0.2347792141525481,NA,NA,NA,614904217,3749378,0.812482417,NA,78.7,28782,NA,196518860.31527853,88.91,88.68451376
1999-07-31,6.51,40744,9.69,98596,1999,18484379,4202937,4.379949836588888,264625,176162,1228854,1196325,92.65,86.81,89.64,72.42,83.05,79.77,81.53,114.98,89.33,339166,174825,32.273,119.86,4.99,-1947,541225,449495,172506,124923,60179,53944,454900,362881,16031,13623,2341175,2428878,770671,628362,30290,8509,1240129,1107807,2741332,1012711,1164446,2357206,2442501,0.019719047241563446,0.021145437044109455,103.61847882620356,28.091779465170024,84.97910298796083,599767,1773373,-45609209,87.29716162,53.12467896560783,NA,98.5,4.5,5.02,4.84,4.55,7.667,NA,9413,9715,3.11,14275092,NA,NA,66.57,97.35289953078234,9406,2341175,248.902296406549,103.75,18.71,22028.124,NA,NA,NA,70.38,2322698,0.2347792141525481,24514.969,1107807,2.212927793379172,598481871,2929708,0.812482417,NA,78.7,18210,NA,199090922.6072208,88.95,88.68451376
1999-08-31,5.4,41415,9.05,100130,1999,18514775,4368958,NA,NA,NA,NA,NA,92.53,86.8,NA,NA,NA,NA,NA,NA,NA,NA,174848,32,113.41,5.07,NA,NA,NA,NA,NA,NA,NA,NA,NA,NA,NA,NA,NA,NA,NA,NA,NA,NA,NA,NA,NA,NA,NA,NA,NA,NA,NA,NA,NA,NA,1773373,-45609209,NA,NA,NA,NA,4.5,5.02,4.84,4.72,7.667,NA,9429,9743,3.22,14237434,NA,NA,NA,NA,NA,NA,NA,NA,20.17,NA,NA,NA,NA,69.19,2322698,0.2347792141525481,NA,NA,NA,594528861,2752030,0.812482417,NA,78.7,29807,NA,199393919.5219344,89.54,88.68451376
1999-09-30,7.04,41756,8.14,101652,1999,18695796,4474265,NA,NA,NA,NA,NA,92.93,87.04,NA,NA,NA,NA,NA,NA,NA,NA,175881,31.801,107.57,5.22,NA,NA,NA,NA,NA,NA,NA,NA,NA,NA,NA,NA,NA,NA,NA,NA,NA,NA,NA,NA,NA,NA,NA,NA,NA,NA,NA,NA,NA,NA,1773373,-45609209,NA,NA,98.6,NA,4.5,5.03,4.84,4.68,7.667,NA,9376,9674,3.08,14346001,NA,NA,NA,NA,NA,NA,NA,NA,22.11,NA,NA,NA,NA,70.33,2322698,0.2347792141525481,NA,NA,NA,577433081,2123920,0.812482417,NA,78.7,40753,NA,196308227.97229195,90.22,88.68451376
1999-10-31,3.47,41577,7.63,102679,1999,18686009,4754827,5.051284487345139,255327,174572,1241478,1213526,93.88,87.65,90.53,72.91,83.81,78.6,82.25,116.16,91.3,348217,175766,31.767,105.97,5.2,-3467,618245,518167,198045,144397,72837,65940,470948,370152,42159,35928,2450447,2559837,885723,728504,52431,46388,1324103,1208937,2891063,1063771,1235632,2492606,2595765,0.0466739991670849,0.057440885522945385,104.13860032431921,88.47437584635044,85.22023767167153,666019,1773373,-45609209,87.34639436,54.31822970814697,NA,99,4.5,NA,NA,4.86,7.667,NA,9424,9721,3.05,14296615,NA,NA,68.37,97.74849010614767,9467,2450447,258.84092109432765,104.46,22.12,22070.372,NA,NA,NA,69.27,2322698,0.2347792141525481,26713.76,1208937,2.2096900003887714,641562506,2053563,0.812482417,NA,78.7,8512,NA,190559017.82363904,90.52,88.68451376
1999-11-30,4.01,41951,6.65,103539,1999,18892243,4749580,NA,NA,NA,NA,NA,93.99,87.67,NA,NA,NA,NA,NA,NA,NA,NA,177126,31.735,104.96,5.42,NA,NA,NA,NA,NA,NA,NA,NA,NA,NA,NA,NA,NA,NA,NA,NA,NA,NA,NA,NA,NA,NA,NA,NA,NA,NA,NA,NA,NA,NA,1773373,-45609209,NA,NA,NA,NA,4.5,5.03,4.83,5.07,7.667,NA,9478,9765,2.94,14457127,NA,NA,NA,NA,NA,NA,NA,NA,24.55,NA,NA,NA,NA,69.79,2322698,0.2347792141525481,NA,NA,NA,644832037,2414431,0.812482417,NA,78.7,50211,NA,209495468.21812192,90.82,88.68451376
1999-12-31,6.07,45072,7.08,106200,1999,19260074,4616720,NA,NA,NA,NA,NA,93.83,87.44,NA,NA,NA,NA,NA,NA,NA,NA,180642,31.612,102.68,5.3,NA,NA,NA,NA,NA,NA,NA,NA,NA,NA,NA,NA,NA,NA,NA,NA,NA,NA,NA,NA,NA,NA,NA,NA,NA,NA,NA,NA,NA,NA,1773373,-45609209,NA,NA,NA,NA,4.5,5.03,4.73,5.2,7.667,NA,9498,9778,2.85,14658192,NA,NA,NA,NA,NA,NA,NA,NA,25.48,NA,NA,NA,NA,80.48,2322698,0.2347792141525481,NA,NA,NA,664080115,2906918,0.812482417,NA,78.7,27034,NA,227138834.38820434,90.79,88.68451376
2000-01-31,9.66,47648,8.26,110051,2000,19338719,4283724,4.052956601048871,267172,173324,1273653,1242805,93.35,87.1,88.58,73.76,83,94.26,81.75,115.66,90.43,356143,182688,30.801,105.16,5.45,-7341,506580,420473,177105,130637,64237,56899,465123,438405,41442,35175,2321745,2493070,743774,608009,13547,12807,1317062,1191018,2753995,1045098,1208738,2363187,2528245,-0.052521846014217,-0.05192116202881643,106.98455094751283,94.53753598582712,84.87766034457796,547094,25979841,-356073659,88.92663936,54.88602256260401,99.6,100,4.5,5.01,4.61,5.32,7.667,NA,9494,9761,2.74,14703925,NA,NA,64.87,97.57799023752938,9443,2321745,245.86942708884888,107.38,25.22,22113.582,NA,NA,NA,127.36999999999999,2708899,0.25884822863428725,24870.035,1191018,2.0881325890960505,653392132,4518181,0.833399653,NA,85.04,35368,NA,241962946.6373936,89.88,100
2000-01-31,9.66,47648,8.26,110051,2000,19338719,4283724,4.052956601048871,267172,173324,1273653,1242805,93.35,87.1,88.58,73.76,83,94.26,81.75,115.66,90.43,356143,182688,30.801,105.16,5.45,-7341,506580,420473,177105,130637,64237,56899,465123,438405,41442,35175,2321745,2493070,743774,608009,13547,12807,1317062,1191018,2753995,1045098,1208738,2363187,2528245,-0.052521846014217,-0.05192116202881643,106.98455094751283,94.53753598582712,84.87766034457796,547094,25979841,-356073659,88.92663936,54.88602256260401,99.6,100,4.5,4.94,4.76,5.32,7.667,NA,9494,9761,2.74,14703925,NA,NA,64.87,97.57799023752938,9443,2321745,245.86942708884888,107.38,25.22,22113.582,NA,NA,NA,127.36999999999999,2708899,0.25884822863428725,24870.035,1191018,2.0881325890960505,653392132,4518181,0.833399653,NA,85.04,35368,NA,241962946.6373936,89.88,100
2000-02-29,4.03,46583,8.33,113638,2000,19357962,3581312,NA,NA,NA,NA,NA,95.11,88.39,NA,NA,NA,NA,NA,NA,NA,NA,183669,30.722,109.31,5.73,NA,NA,NA,NA,NA,NA,NA,NA,NA,NA,NA,NA,NA,NA,NA,NA,NA,NA,NA,NA,NA,NA,NA,NA,NA,NA,NA,NA,NA,NA,25979841,-356073659,NA,NA,NA,NA,4.5,5.01,4.61,5.55,7.667,NA,9406,9688,2.91,14702177,NA,NA,NA,NA,NA,NA,NA,NA,27.63,NA,NA,NA,NA,95.84,2708899,0.25884822863428725,NA,NA,NA,532875310,3148716,0.833399653,NA,85.04,2068,NA,228957718.62882468,89.75,100
2000-03-31,6.24,47454,8.23,113002,2000,19545471,5186378,NA,NA,NA,NA,NA,93.15,86.97,NA,NA,NA,NA,NA,NA,NA,NA,185259,30.699,106.71,5.85,NA,NA,NA,NA,NA,NA,NA,NA,NA,NA,NA,NA,NA,NA,NA,NA,NA,NA,NA,NA,NA,NA,NA,NA,NA,NA,NA,NA,NA,NA,25979841,-356073659,NA,NA,99.6,NA,4.625,5.02,4.64,5.69,7.671,NA,9430,9704,2.83,14799023,NA,NA,NA,NA,NA,NA,NA,NA,27.47,NA,NA,NA,NA,71.19,2708899,0.25884822863428725,NA,NA,NA,706293807,4252362,0.833399653,NA,85.04,18636,NA,217376845.66716385,90.02,100
2000-04-30,6.35,46375,7.89,113662,2000,19603052,5200945,4.568556661853006,259228,166539,1267067,1236814,94.39,87.84,87.67,72.48,81.28,78.46,80.21,114.26,90.86,364120,185052,30.49,105.48,6.02,1029,559214,454541,204988,148566,64799,56812,483294,379215,31843,27204,2439856,2508527,822719,659919,45694,48487,1475201,1340309,2866804,1188401,1357862,2471699,2535731,0.05087165041811224,0.04591765272913231,102.59060670413346,106.11239987744561,85.43164902804385,618726,25979841,-356073659,89.1734801,56.22936935000904,NA,100.1,4.625,5.02,4.65,5.66,7.671,NA,9453,9718,2.73,14833243,NA,NA,64.24,97.61235988310011,9469,2439856,257.6677579469849,102.81,22.54,22153.653,NA,NA,NA,71.4,2708899,0.25884822863428725,27021.808,1340309,2.016087931961958,646223289,4050774,0.833399653,NA,85.04,9704,NA,230511099.00119245,89.99,100
2000-05-31,6.43,44730,7,113122,2000,19496592,5292752,NA,NA,NA,NA,NA,94.39,87.89,NA,NA,NA,NA,NA,NA,NA,NA,184089,30.739,108.11,6.27,NA,NA,NA,NA,NA,NA,NA,NA,NA,NA,NA,NA,NA,NA,NA,NA,NA,NA,NA,NA,NA,NA,NA,NA,NA,NA,NA,NA,NA,NA,25979841,-356073659,NA,NA,NA,NA,4.625,5.02,4.77,5.79,7.671,NA,9470,9741,2.78,14905552,NA,NA,NA,NA,NA,NA,NA,NA,27.4,NA,NA,NA,NA,72.93,2708899,0.25884822863428725,NA,NA,NA,684379769,2539994,0.833399653,NA,85.04,18682,NA,242065501.16367102,90.79,100
2000-06-30,5.76,45341,6.59,113830,2000,19499312,5550284,NA,NA,NA,NA,NA,94.43,88,NA,NA,NA,NA,NA,NA,NA,NA,185846,30.808,106.23,6.53,NA,NA,NA,NA,NA,NA,NA,NA,NA,NA,NA,NA,NA,NA,NA,NA,NA,NA,NA,NA,NA,NA,NA,NA,NA,NA,NA,NA,NA,NA,25979841,-356073659,NA,NA,100,NA,4.75,5.02,4.8,5.69,7.671,NA,9485,9768,2.89,15022993,NA,NA,NA,NA,NA,NA,NA,NA,29.68,NA,NA,NA,NA,72.4,2708899,0.25884822863428725,NA,NA,NA,695364851,2126382,0.833399653,NA,85.04,31770,NA,250053681.15313643,91.27,100
2000-07-31,4.77,44179,5.96,113527,2000,19553044,6029854,4.88570722809151,277700,180580,1288597,1261710,93.73,87.48,88.38,71.99,82.05,80.72,80.66,115.77,92.87,373331,185747,30.942,107.9,6.54,3984,631598,518216,189213,136210,57613,50917,489197,394887,35980,30810,2509500,2593587,874511,705343,-18731,-4135,1501346,1394340,2892955,1252039,1449542,2545480,2624397,0.02854430753290358,0.0298503175346189,103.10027971148861,22.075703379424482,85.63090605892162,679127,25979841,-356073659,89.24308299,56.62523694901617,NA,100.4,4.75,5.02,4.79,5.96,7.671,NA,9511,9811,3.06,15027300,NA,NA,65.03,97.91346712742619,9516,2509500,263.7137452711223,103.35,28.51,22195.739,NA,NA,NA,73.26,2708899,0.25884822863428725,25666.254,1394340,1.8407457291621843,675045590,1768521,0.833399653,NA,85.04,10808,NA,254967776.87207356,91.32,100
2000-08-31,5.06,44361,6.29,113036,2000,19596648,6638919,NA,NA,NA,NA,NA,93.38,87.19,NA,NA,NA,NA,NA,NA,NA,NA,186289,31.08,108.07,6.5,NA,NA,NA,NA,NA,NA,NA,NA,NA,NA,NA,NA,NA,NA,NA,NA,NA,NA,NA,NA,NA,NA,NA,NA,NA,NA,NA,NA,NA,NA,25979841,-356073659,NA,NA,NA,NA,4.75,5.02,4.75,6.09,7.671,NA,9531,9842,3.16,14983211,NA,NA,NA,NA,NA,NA,NA,NA,29.89,NA,NA,NA,NA,71.73,2708899,0.25884822863428725,NA,NA,NA,687048537,1762282,0.833399653,NA,85.04,26505,NA,268212964.08708048,91.48,100
2000-09-30,4.05,42935,6.32,111667,2000,19597971,5858101,NA,NA,NA,NA,NA,94.28,87.79,NA,NA,NA,NA,NA,NA,NA,NA,186815,31.193,106.75,6.52,NA,NA,NA,NA,NA,NA,NA,NA,NA,NA,NA,NA,NA,NA,NA,NA,NA,NA,NA,NA,NA,NA,NA,NA,NA,NA,NA,NA,NA,NA,25979841,-356073659,NA,NA,99.9,NA,4.75,4.94,4.8,6,7.671,NA,9505,9809,3.1,15046381,NA,NA,NA,NA,NA,NA,NA,NA,32.62,NA,NA,NA,NA,72.76,2708899,0.25884822863428725,NA,NA,NA,705600905,1908830,0.833399653,NA,85.04,43913,NA,255918577.32167763,91.91,100
2000-10-31,4.82,42584,6.32,109056,2000,19712099,6479174,5.547294216006688,261166,178991,1284540,1265079,95.16,88.34,89.51,72.05,83.28,79.23,81.61,119.99,94.55,383391,187217,31.829,108.37,6.51,10298,617423,514185,208054,149897,91089,81533,520382,412286,50166,43464,2592128,2733365,913606,745615,23606,35511,1409220,1332385,2981414,1190278,1428268,2642294,2776829,0.03292608089260809,0.038033691091660514,105.09159843681286,150.4320935355418,86.6403540246382,764754,25979841,-356073659,90.11184246,57.27929147458445,NA,100.1,4.75,NA,NA,6.11,7.671,NA,9521,9835,3.19,15163864,NA,NA,68.54,98.48498295109533,9538,2592128,271.7685049276578,105.45,30.93,22247.811,NA,NA,NA,71.73,2708899,0.25884822863428725,28028.199,1332385,2.1036111184079678,697498020,1634883,0.833399653,NA,85.04,47596,NA,275652227.4275967,92.2,100
2000-11-30,4.32,42851,6.74,108231,2000,19931684,7457905,NA,NA,NA,NA,NA,95.2,88.36,NA,NA,NA,NA,NA,NA,NA,NA,189070,32.424,108.89,6.51,NA,NA,NA,NA,NA,NA,NA,NA,NA,NA,NA,NA,NA,NA,NA,NA,NA,NA,NA,NA,NA,NA,NA,NA,NA,NA,NA,NA,NA,NA,25979841,-356073659,NA,NA,NA,NA,4.75,4.96,4.74,6.17,7.691,NA,9545,9864,3.23,15198884,NA,NA,NA,NA,NA,NA,NA,NA,32.52,NA,NA,NA,NA,70.43,2708899,0.25884822863428725,NA,NA,NA,676086161,1860167,0.833399653,NA,85.04,30174,NA,297445954.3441015,92.99,100
2000-12-31,2.68,44921,6.73,106742,2000,20438185,7283758,NA,NA,NA,NA,NA,95.01,88.08,NA,NA,NA,NA,NA,NA,NA,NA,193087,33.084,112.21,6.4,NA,NA,NA,NA,NA,NA,NA,NA,NA,NA,NA,NA,NA,NA,NA,NA,NA,NA,NA,NA,NA,NA,NA,NA,NA,NA,NA,NA,NA,NA,25979841,-356073659,NA,NA,NA,NA,4.625,5,4.72,5.77,7.711,NA,9549,9872,3.27,15405259,NA,NA,NA,NA,NA,NA,NA,NA,25.28,NA,NA,NA,NA,79.47,2708899,0.25884822863428725,NA,NA,NA,663196519,955476,0.833399653,NA,85.04,62836,NA,328113402.8296999,92.47,100
2001-01-31,8.88,46061,6.81,108056,2001,20306422,5524502,4.576727217450786,274898,175234,1284982,1261940,96.33,89.03,88.81,73.53,83.02,97.7,81.72,117.27,92.76,388988,193198,32.689,117.1,5.98,-690,501419,416282,153015,112518,50246,44625,462845,452204,64081,54677,2355414,2524131,701678,573425,-17752,-24398,1259223,1168028,2700587,1069086,1253754,2419495,2578808,-0.09132033603278851,-0.08432029138316932,106.58455586806338,137.43803515096891,85.32482327054821,558995,27671677,-374914515,90.60240941,57.465049544287375,99.9,100,4.625,5,4.66,5.15,7.711,24854028,9483,9812,3.35,15332786,NA,NA,63.75,98.20682313059638,9418,2355414,250.09704820556382,107.16,25.64,22292.585,NA,NA,NA,147.28,3048535,0.2957269809236218,23053.237,1168028,1.9736887300646906,567679375,1812336,0.82434833,NA,77.65,19075,NA,316347195.5219063,91.28,96.01934359
2001-01-31,8.88,46061,6.81,108056,2001,20306422,5524502,4.576727217450786,274898,175234,1284982,1261940,96.33,89.03,88.81,73.53,83.02,97.7,81.72,117.27,92.76,388988,193198,32.689,117.1,5.98,-690,501419,416282,153015,112518,50246,44625,462845,452204,64081,54677,2355414,2524131,701678,573425,-17752,-24398,1259223,1168028,2700587,1069086,1253754,2419495,2578808,-0.09132033603278851,-0.08432029138316932,106.58455586806338,137.43803515096891,85.32482327054821,558995,27671677,-374914515,90.60240941,57.465049544287375,99.9,100,4.625,2.8,2.73,5.15,7.711,24854028,9483,9812,3.35,15332786,NA,NA,63.75,98.20682313059638,9418,2355414,250.09704820556382,107.16,25.64,22292.585,NA,NA,NA,147.28,3048535,0.2957269809236218,23053.237,1168028,1.9736887300646906,567679375,1812336,0.82434833,NA,77.65,19075,NA,316347195.5219063,91.28,96.01934359
2001-02-28,-4.18,44813,5.84,110085,2001,20390436,7953368,NA,NA,NA,NA,NA,94.2,87.53,NA,NA,NA,NA,NA,NA,NA,NA,194774,32.32,116.04,5.49,NA,NA,NA,NA,NA,NA,NA,NA,NA,NA,NA,NA,NA,NA,NA,NA,NA,NA,NA,NA,NA,NA,NA,NA,NA,NA,NA,NA,NA,NA,27671677,-374914515,NA,NA,NA,NA,4.375,4.8,4.52,4.88,7.651,24854028,9394,9758,3.73,15229983,NA,NA,NA,NA,NA,NA,NA,NA,27.41,NA,NA,NA,NA,72.11999999999999,3048535,0.2957269809236218,NA,NA,NA,582346609,2293139,0.82434833,NA,77.65,36263,NA,303366663.4659006,90.15,96.01934359
2001-03-31,0.18,44681,5.39,110636,2001,20530978,11023095,NA,NA,NA,NA,NA,94.18,87.5,NA,NA,NA,NA,NA,NA,NA,NA,195033,32.587,121.12,5.31,NA,NA,NA,NA,NA,NA,NA,NA,NA,NA,NA,NA,NA,NA,NA,NA,NA,NA,NA,NA,NA,NA,NA,NA,NA,NA,NA,NA,NA,NA,27671677,-374914515,NA,NA,99.4,NA,4.125,4.66,4.36,4.42,7.638,24854028,9378,9758,3.89,15244955,NA,NA,NA,NA,NA,NA,NA,NA,24.4,NA,NA,NA,NA,70.56,3048535,0.2957269809236218,NA,NA,NA,661318084,2200637,0.82434833,NA,77.65,58220,NA,287102563.2009045,89.77,96.01934359
2001-04-30,0.64,43358,4.99,111652,2001,20373958,8614219,5.078399331154518,265665,168036,1275640,1245346,95.03,88.14,87.63,71.68,81.52,80.25,80.16,115.66,92.68,394262,193843,32.918,123.83,4.8,3936,470526,383572,184352,132149,58145,50951,488911,392363,56444,48157,2377641,2440228,706926,566672,-11708,-8483,1288475,1194099,2718896,1098367,1270393,2434085,2488385,0.009436557649738008,0.0060301839846744875,102.23081774054728,72.45473180731125,85.3181914818227,560431,27671677,-374914515,90.15649045,58.1506161096236,NA,99.4,4,4.27,4.23,3.87,7.613,24854028,9349,9734,3.96,15143844,NA,NA,63.25,97.62519206045593,9349,2377641,254.32035511819447,102.63,25.55,22324.017,NA,NA,NA,70.77,3048535,0.2957269809236218,23933.528,1194099,2.0043168949978183,587103972,1426869,0.82434833,NA,77.65,14185,NA,278628377.38771164,89.74,96.01934359
2001-05-31,-0.07,42408,5.55,110638,2001,20609793,10188708,NA,NA,NA,NA,NA,94.97,88.07,NA,NA,NA,NA,NA,NA,NA,NA,194107,33.251,121.93,4.21,NA,NA,NA,NA,NA,NA,NA,NA,NA,NA,NA,NA,NA,NA,NA,NA,NA,NA,NA,NA,NA,NA,NA,NA,NA,NA,NA,NA,NA,NA,27671677,-374914515,NA,NA,NA,NA,3.75,4.08,4.04,3.62,7.603,24854028,9337,9748,4.22,15087738,NA,NA,NA,NA,NA,NA,NA,NA,28.45,NA,NA,NA,NA,70.75,3048535,0.2957269809236218,NA,NA,NA,592276654,1120189,0.82434833,NA,77.65,41935,NA,274113833.3372209,89.6,96.01934359
2001-06-30,-0.14,44588,5.94,109125,2001,20997836,10721780,NA,NA,NA,NA,NA,94.6,87.75,NA,NA,NA,NA,NA,NA,NA,NA,197159,34.271,122.15,3.97,NA,NA,NA,NA,NA,NA,NA,NA,NA,NA,NA,NA,NA,NA,NA,NA,NA,NA,NA,NA,NA,NA,NA,NA,NA,NA,NA,NA,NA,NA,27671677,-374914515,NA,NA,98.6,NA,3.5,4.08,3.9,3.49,7.603,24854028,9360,9802,4.51,15191600,NA,NA,NA,NA,NA,NA,NA,NA,27.72,NA,NA,NA,NA,71.88,3048535,0.2957269809236218,NA,NA,NA,571490757,946597,0.82434833,NA,77.65,60125,NA,275622460.587548,90.99,96.01934359
2001-07-31,2.21,43835,6.24,110108,2001,21113210,12947856,5.383693091130197,277840,181718,1304495,1265493,94.18,87.39,88.56,71.98,81.71,82.36,80.44,118.94,93.77,398762,197587,34.779,124.65,3.77,1498,418983,342360,176269,126875,55628,49265,498016,410156,51849,44355,2407619,2475696,644551,518500,6298,-16805,1178409,1104952,2733592,1027035,1221586,2459468,2520051,0.012608295365027774,0.010428148565066544,102.46325628143973,-266.83073991743413,85.54649077127814,588619,27671677,-374914515,89.23762774,58.142231920738794,NA,99,3.5,3.87,3.69,3.51,7.595,24854028,9370,9855,4.92,15131746,NA,NA,65.4,97.01018401757003,9370,2407619,256.9497331910352,102.83,24.54,22354.019,NA,NA,NA,71.98,3048535,0.2957269809236218,21694.326,1104952,1.963372707592728,561886619,885424,0.82434833,NA,77.65,22172,NA,268560949.2340578,91.11,96.01934359
2001-08-31,0.7,43816,6.38,113144,2001,21068119,10402890,NA,NA,NA,NA,NA,93.8,87.18,NA,NA,NA,NA,NA,NA,NA,NA,197850,34.615,121.61,3.65,NA,NA,NA,NA,NA,NA,NA,NA,NA,NA,NA,NA,NA,NA,NA,NA,NA,NA,NA,NA,NA,NA,NA,NA,NA,NA,NA,NA,NA,NA,27671677,-374914515,NA,NA,NA,NA,3.25,3.62,3.51,3.36,7.585,24854028,9384,9896,5.17,14940132,NA,NA,NA,NA,NA,NA,NA,NA,25.67,NA,NA,NA,NA,70.91000000000001,3048535,0.2957269809236218,NA,NA,NA,590498484,1160036,0.82434833,NA,77.65,66220,NA,254797893.90636835,90.82,96.01934359
2001-09-30,1.15,44514,6.08,115200,2001,21423546,9624059,NA,NA,NA,NA,NA,93.59,87.05,NA,NA,NA,NA,NA,NA,NA,NA,198106,34.587,118.98,3.07,NA,NA,NA,NA,NA,NA,NA,NA,NA,NA,NA,NA,NA,NA,NA,NA,NA,NA,NA,NA,NA,NA,NA,NA,NA,NA,NA,NA,NA,NA,27671677,-374914515,NA,NA,97.8,NA,2.75,3.12,3.17,2.64,7.543,24854028,9356,9875,5.26,14942088,NA,NA,NA,NA,NA,NA,NA,NA,25.54,NA,NA,NA,NA,72.58,3048535,0.2957269809236218,NA,NA,NA,541659944,654575,0.82434833,NA,77.65,41900,NA,249576725.7079301,90.51,96.01934359
2001-10-31,4.61,44453,5.78,116223,2001,21311324,12234006,6.026601808923007,263619,179850,1319807,1277883,94.79,87.86,87.72,72.12,81.56,80.78,80.31,116.89,93.01,403092,197418,34.549,121.28,2.49,-442,403873,329386,201741,145486,115692,101487,563576,455230,48783,41995,2584319,2679374,717656,576359,-20852,-13244,1236043,1149613,2831427,1157454,1352909,2633102,2721369,0.07339201094525338,0.07059819440626998,103.35220587732643,63.5142911950892,86.08531660619478,679043,27671677,-374914515,88.96378154,58.49340213580901,NA,97.6,2.5,NA,NA,2.16,7.523,24854028,9362,9889,5.33,14833707,NA,NA,68.22,96.82347494747337,9393,2584319,275.13243905035665,103.68,20.48,22387.035,NA,NA,NA,70.89,3048535,0.2957269809236218,23876.675,1149613,2.076931541309989,587573208,986744,0.82434833,NA,77.65,67192,NA,248435422.30956668,89.53,96.01934359
2001-11-30,1.7,45725,5.04,121165,2001,21369541,10953426,NA,NA,NA,NA,NA,94.72,87.82,NA,NA,NA,NA,NA,NA,NA,NA,197894,34.496,122.31,2.09,NA,NA,NA,NA,NA,NA,NA,NA,NA,NA,NA,NA,NA,NA,NA,NA,NA,NA,NA,NA,NA,NA,NA,NA,NA,NA,NA,NA,NA,NA,27671677,-374914515,NA,NA,NA,NA,2.25,2.45,2.49,1.87,7.393,24854028,9395,9919,5.28,14764141,NA,NA,NA,NA,NA,NA,NA,NA,18.94,NA,NA,NA,NA,69.76,3048535,0.2957269809236218,NA,NA,NA,584115257,1857508,0.82434833,NA,77.65,82087,NA,245848500.24632084,88.34,96.01934359
2001-12-31,1.45,50259,4.6,122211,2001,21701912,8804598,NA,NA,NA,NA,NA,94.28,87.5,NA,NA,NA,NA,NA,NA,NA,NA,201362,34.695,127.36,1.82,NA,NA,NA,NA,NA,NA,NA,NA,NA,NA,NA,NA,NA,NA,NA,NA,NA,NA,NA,NA,NA,NA,NA,NA,NA,NA,NA,NA,NA,NA,27671677,-374914515,NA,NA,NA,NA,2.125,2.41,2.39,1.69,7.377,24854028,9422,9941,5.22,15067541,NA,NA,NA,NA,NA,NA,NA,NA,18.6,NA,NA,NA,NA,75.8,3048535,0.2957269809236218,NA,NA,NA,566214555,3010881,0.82434833,NA,77.65,67958,NA,249826901.21156058,87.55,96.01934359
2002-01-31,-6.4,51236,3.79,123629,2002,21606390,10795701,4.996389754503306,282937,182955,1323526,1290698,94.39,88.16,87.05,74.47,82.51,98.47,81.45,117.03,92.53,408117,201922,35.022,132.66,1.73,2467,452820,373624,141799,105594,46277,40286,462661,455572,76961,65579,2398266,2580550,637831,519504,-69420,-58721,1186270,1097707,2632393,1100769,1288249,2475227,2646129,-0.07199304729795354,-0.05995779882435242,106.90449805209785,84.5880149812734,85.21069112927326,579434,37909129,-357074996,89.12287388,59.199353034723146,97,97.6,2.125,2.3,2.3,1.65,7.325,26660329,9447,9959,5.14,14970293,35321134,67663833,64.66,97.51965582844613,9428,2398266,254.37696224013575,107.6,19.48,22417.77,NA,NA,NA,108.21000000000001,3165760,0.2913182154771636,19058.429,1097707,1.7362036499721691,599166290,3337920,0.848810434,5179052.911256212,76.21,87168,NA,238438164.88367668,87.97,100.7448858
2002-01-31,-6.4,51236,3.79,123629,2002,21606390,10795701,4.996389754503306,282937,182955,1323526,1290698,94.39,88.16,87.05,74.47,82.51,98.47,81.45,117.03,92.53,408117,201922,35.022,132.66,1.73,2467,452820,373624,141799,105594,46277,40286,462661,455572,76961,65579,2398266,2580550,637831,519504,-69420,-58721,1186270,1097707,2632393,1100769,1288249,2475227,2646129,-0.07199304729795354,-0.05995779882435242,106.90449805209785,84.5880149812734,85.21069112927326,579434,37909129,-357074996,89.12287388,59.199353034723146,97,97.6,2.125,2.11,1.93,1.65,7.325,26660329,9447,9959,5.14,14970293,35321134,67663833,64.66,97.51965582844613,9428,2398266,254.37696224013575,107.6,19.48,22417.77,NA,NA,NA,108.21000000000001,3165760,0.2913182154771636,19058.429,1097707,1.7362036499721691,599166290,3337920,0.848810434,5179052.911256212,76.21,87168,NA,238438164.88367668,87.97,100.7448858
2002-02-28,8.87,52193,4.32,125020,2002,21561235,6321608,NA,NA,NA,NA,NA,95.89,89.35,NA,NA,NA,NA,NA,NA,NA,NA,202783,35.066,133.52,1.74,NA,NA,NA,NA,NA,NA,NA,NA,NA,NA,NA,NA,NA,NA,NA,NA,NA,NA,NA,NA,NA,NA,NA,NA,NA,NA,NA,NA,NA,NA,37909129,-357074996,NA,NA,NA,NA,2.125,2.3,2.28,1.72,7.325,26660329,9420,9928,5.12,14858113,26258249,18617887,NA,NA,NA,NA,NA,NA,20.29,NA,NA,NA,NA,102.53,3165760,0.2913182154771636,NA,NA,NA,493683705,1222272,0.848810434,5179052.911256212,76.21,56224,NA,237035920.61837476,88.25,100.7448858
2002-03-31,3.42,52447,4.31,128029,2002,21683242,8729836,NA,NA,NA,NA,NA,93.8,87.75,NA,NA,NA,NA,NA,NA,NA,NA,203222,35.018,131.2,1.73,NA,NA,NA,NA,NA,NA,NA,NA,NA,NA,NA,NA,NA,NA,NA,NA,NA,NA,NA,NA,NA,NA,NA,NA,NA,NA,NA,NA,NA,NA,37909129,-357074996,NA,NA,95.6,NA,2.125,2.3,2.27,1.79,7.325,26660329,9416,9929,5.16,14732237,39393997,64564304,NA,NA,NA,NA,NA,NA,23.69,NA,NA,NA,NA,71.1,3165760,0.2913182154771636,NA,NA,NA,655762510,2772202,0.848810434,5179052.911256212,76.21,53641,NA,226706155.0283944,89.4,100.7448858
2002-04-30,3.01,52198,4.5,132933,2002,21807765,8055448,5.547389222467128,275719,175808,1320831,1285051,95.01,88.66,86.85,73.02,81.55,80.93,80.45,115.05,93.91,411832,202159,34.913,131.07,1.75,-9722,464158,378535,167469,122283,60327,52391,505181,408825,61321,52312,2538134,2585960,687673,553209,-8197,-2254,1350608,1268306,2778505,1246080,1433627,2599455,2638272,0.058320469872816444,0.05018852816327553,101.49327455178106,27.49786507258753,85.30845876616495,664238,37909129,-357074996,89.7780658,59.771403828037926,NA,98,2.125,2.36,2.27,1.71,7.325,26660329,9440,9935,4.98,14731300,34525202,54192355,63.76,97.29109931550668,9448,2538134,268.64246401354785,101.88,25.65,22443.73,NA,NA,NA,71.98,3165760,0.2913182154771636,21621.928,1268306,1.7047879612648684,647148948,2461936,0.848810434,5179052.911256212,76.21,46546,NA,221266373.57594895,90.15,100.7448858
2002-05-31,3.84,51528,4.3,139821,2002,21918805,9129016,NA,NA,NA,NA,NA,94.81,88.52,NA,NA,NA,NA,NA,NA,NA,NA,201540,34.459,126.48,1.75,NA,NA,NA,NA,NA,NA,NA,NA,NA,NA,NA,NA,NA,NA,NA,NA,NA,NA,NA,NA,NA,NA,NA,NA,NA,NA,NA,NA,NA,NA,37909129,-357074996,NA,NA,NA,NA,2.125,2.36,2.22,1.73,7.325,26660329,9451,9951,5.02,14655321,147875021,77422199,NA,NA,NA,NA,NA,NA,25.43,NA,NA,NA,NA,72.76,3165760,0.2913182154771636,NA,NA,NA,659014147,1666380,0.848810434,5179052.911256212,76.21,61006,NA,226098800.82481557,89.84,100.7448858
2002-06-30,4.59,52938,3.65,148242,2002,21973716,10465116,NA,NA,NA,NA,NA,94.8,88.5,NA,NA,NA,NA,NA,NA,NA,NA,204044,33.988,123.6,1.75,NA,NA,NA,NA,NA,NA,NA,NA,NA,NA,NA,NA,NA,NA,NA,NA,NA,NA,NA,NA,NA,NA,NA,NA,NA,NA,NA,NA,NA,NA,37909129,-357074996,NA,NA,95.4,NA,1.875,2.32,2.07,1.7,7.325,26660329,9454,9963,5.11,14675942,91651581,22498339,NA,NA,NA,NA,NA,NA,24.13,NA,NA,NA,NA,73.82,3165760,0.2913182154771636,NA,NA,NA,622631384,1327307,0.848810434,5179052.911256212,76.21,61878,NA,229969005.414902,89.75,100.7448858
2002-07-31,1.41,51597,3.21,155272,2002,22000516,11234579,5.939290871779281,279890,184688,1373961,1329302,94.08,88.03,87.7,73.07,82.13,83.16,80.91,114.93,91.63,416492,202795,33.404,118.07,1.73,-2025,505205,414901,159442,116507,59959,52582,504293,419386,64705,55239,2576634,2661948,721798,583990,32187,27826,1417136,1298560,2914190,1231495,1415316,2641339,2717187,0.015168623878802301,0.01611260821979992,102.87157384947558,86.45105166682201,85.37052777992427,692708,37909129,-357074996,90.06334483,60.313764277075435,NA,98.8,1.875,2.11,1.94,1.68,7.225,26660329,9468,9991,5.23,14573931,54949425,68017265,65.99,96.74961661939459,9462,2576634,272.3138871274572,103.31,25.77,22470.926,NA,NA,NA,74.01,3165760,0.2913182154771636,21682.254,1298560,1.6697152230162642,632789831,1581684,0.848810434,5179052.911256212,76.21,24079,NA,235878773.9849387,89.36,100.7448858
2002-08-31,3.87,52406,2.79,156438,2002,21882945,12048722,NA,NA,NA,NA,NA,93.66,87.68,NA,NA,NA,NA,NA,NA,NA,NA,202927,33.979,119.01,1.74,NA,NA,NA,NA,NA,NA,NA,NA,NA,NA,NA,NA,NA,NA,NA,NA,NA,NA,NA,NA,NA,NA,NA,NA,NA,NA,NA,NA,NA,NA,37909129,-357074996,NA,NA,NA,NA,1.875,2.11,1.96,1.62,7.225,26660329,9474,10010,5.35,14596160,31430895,21187404,NA,NA,NA,NA,NA,NA,26.63,NA,NA,NA,NA,71.49000000000001,3165760,0.2913182154771636,NA,NA,NA,637635276,1357766,0.848810434,5179052.911256212,76.21,67465,NA,242702451.68104076,90.1,100.7448858
2002-09-30,2.67,51630,2.71,157034,2002,21864788,12045439,NA,NA,NA,NA,NA,93.98,87.92,NA,NA,NA,NA,NA,NA,NA,NA,202257,34.589,120.37,1.75,NA,NA,NA,NA,NA,NA,NA,NA,NA,NA,NA,NA,NA,NA,NA,NA,NA,NA,NA,NA,NA,NA,NA,NA,NA,NA,NA,NA,NA,NA,37909129,-357074996,NA,NA,95,NA,1.875,2.11,1.95,1.63,7.225,26660329,9443,9974,5.32,14637033,65297282,63044985,NA,NA,NA,NA,NA,NA,28.34,NA,NA,NA,NA,73.02,3165760,0.2913182154771636,NA,NA,NA,627406424,1026598,0.848810434,5179052.911256212,76.21,34467,NA,244822473.15547243,90.94,100.7448858
2002-10-31,-0.41,51823,2.45,157628,2002,21709847,13857857,6.644808847001596,268205,179631,1359980,1324430,94.9,88.54,87.9,73.25,82.18,81.62,80.99,116.66,95.8,422064,202146,34.951,123.86,1.75,5736,489885,402605,178054,130425,104971,92265,578166,471887,73561,62976,2745023,2802453,772044,625295,-3542,-10723,1375132,1317428,2963266,1310944,1529361,2818584,2865429,0.06535231623893809,0.06710422251744286,101.66200475132194,302.7385657820441,85.61058169410421,768723,37909129,-357074996,90.29699235,60.74950066956226,NA,98.6,1.875,NA,NA,1.58,7.225,26660329,9451,9981,5.31,14546943,40293487,23267882,66.98,97.38599097045545,9479,2745023,289.58993564722016,102.09,27.55,22502.57,NA,NA,NA,71.73,3165760,0.2913182154771636,23537.932,1317428,1.7866579425972424,671519105,1670499,0.848810434,5179052.911256212,76.21,52939,NA,241301597.8995425,91.47,100.7448858
2002-11-30,2.53,52591,2.79,159128,2002,21892661,14839284,NA,NA,NA,NA,NA,94.76,88.46,NA,NA,NA,NA,NA,NA,NA,NA,203735,34.71,122.55,1.34,NA,NA,NA,NA,NA,NA,NA,NA,NA,NA,NA,NA,NA,NA,NA,NA,NA,NA,NA,NA,NA,NA,NA,NA,NA,NA,NA,NA,NA,NA,37909129,-357074996,NA,NA,NA,NA,1.625,1.86,1.79,1.23,7.1,26660329,9480,10002,5.22,14553896,33051369,66129184,NA,NA,NA,NA,NA,NA,24.5,NA,NA,NA,NA,70.86,3165760,0.2913182154771636,NA,NA,NA,657969278,1878515,0.848810434,5179052.911256212,76.21,96855,NA,251720504.3681072,91.07,100.7448858
2002-12-31,1.93,54916,2.73,161656,2002,22093880,16876431,NA,NA,NA,NA,NA,94.48,88.14,NA,NA,NA,NA,NA,NA,NA,NA,205733,34.848,122.27,1.24,NA,NA,NA,NA,NA,NA,NA,NA,NA,NA,NA,NA,NA,NA,NA,NA,NA,NA,NA,NA,NA,NA,NA,NA,NA,NA,NA,NA,NA,NA,37909129,-357074996,NA,NA,NA,NA,1.625,1.86,1.61,1.19,7.1,26660329,9506,10011,5.04,14760107,50914262,28033309,NA,NA,NA,NA,NA,NA,28.52,NA,NA,NA,NA,77.83,3165760,0.2913182154771636,NA,NA,NA,665419941,1570873,0.848810434,5179052.911256212,76.21,73216,NA,245906381.06528744,91.61,100.7448858
2003-01-31,5.49,57310,2.84,164840,2003,22115882,15390363,5.667230371665274,288256,185538,1340182,1305926,94.82,88.46,89.05,77.55,84.54,99.88,83.69,115.75,96.13,426782,205973,34.607,118.65,1.24,673,473851,400592,134304,104151,44108,39279,476274,475702,131905,112142,2522316,2652671,650079,544022,5652,-1742,1328243,1276774,2762360,1226736,1419999,2654221,2764813,-0.08113119635063167,-0.058314032861890935,104.16664625892116,-30.820948336871908,85.01724726128653,654462,39957102,-267667017,90.37373351,61.364289975458,94.6,99.7,1.625,1.54,1.3,1.17,4.08,28545411,9524,10028,5.03,14724833,36207193,60767806,64.37,97.44392925736952,9513,2522316,265.14411857458214,105.17,31.23086957,22530.466,NA,NA,4890,142.66,3512071,0.31229076741503786,20030.215,1276774,1.5688144495423624,676210135,2102160,0.858007491,5148823.045783139,80.48,27637,NA,243533509.36523706,91.92,117.654255
2003-01-31,5.49,57310,2.84,164840,2003,22115882,15390363,5.667230371665274,288256,185538,1340182,1305926,94.82,88.46,89.05,77.55,84.54,99.88,83.69,115.75,96.13,426782,205973,34.607,118.65,1.24,673,473851,400592,134304,104151,44108,39279,476274,475702,131905,112142,2522316,2652671,650079,544022,5652,-1742,1328243,1276774,2762360,1226736,1419999,2654221,2764813,-0.08113119635063167,-0.058314032861890935,104.16664625892116,-30.820948336871908,85.01724726128653,654462,39957102,-267667017,90.37373351,61.364289975458,94.6,99.7,1.625,1.4,1.02,1.17,4.08,28545411,9524,10028,5.03,14724833,36207193,60767806,64.37,97.44392925736952,9513,2522316,265.14411857458214,105.17,31.23086957,22530.466,NA,NA,4890,142.66,3512071,0.31229076741503786,20030.215,1276774,1.5688144495423624,676210135,2102160,0.858007491,5148823.045783139,80.48,27637,NA,243533509.36523706,91.92,117.654255
2003-02-28,-1.19,55461,2.49,166334,2003,22085961,11837947,NA,NA,NA,NA,NA,93.72,87.72,NA,NA,NA,NA,NA,NA,NA,NA,206841,34.787,119.27,1.26,NA,NA,NA,NA,NA,NA,NA,NA,NA,NA,NA,NA,NA,NA,NA,NA,NA,NA,NA,NA,NA,NA,NA,NA,NA,NA,NA,NA,NA,NA,39957102,-267667017,NA,NA,NA,NA,1.625,1.54,1.26,1.17,4.015,28545411,9500,10019,5.17,14675003,27894231,19354680,NA,NA,NA,NA,NA,NA,32.6485,NA,NA,NA,4585.72,75.32,3512071,0.31229076741503786,NA,NA,NA,558223297,963644,0.858007491,5148823.045783139,80.48,54298,NA,241347038.11830917,93.17,117.654255
2003-03-31,2,55182,2.21,168635,2003,22098927,16493012,NA,NA,NA,NA,NA,93.59,87.58,NA,NA,NA,NA,NA,NA,NA,NA,206291,34.723,118.54,1.25,NA,NA,NA,NA,NA,NA,NA,NA,NA,NA,NA,NA,NA,NA,NA,NA,NA,NA,NA,NA,NA,NA,NA,NA,NA,NA,NA,NA,NA,NA,39957102,-267667017,NA,NA,94.4,NA,1.625,1.54,1.2,1.13,3.917,28545411,9514,10023,5.08,14607984,26723734,60923879,NA,NA,NA,NA,NA,NA,30.33904762,NA,NA,NA,4449.2,72.2,3512071,0.31229076741503786,NA,NA,NA,680040585,954541,0.858007491,5148823.045783139,80.48,71251,NA,257337540.6622892,93.98,117.654255
2003-04-30,2.67,55432,2.15,170635,2003,22558590,21531979,6.182507410503915,284326,183780,1294098,1260885,94.77,88.51,88.26,75.18,82.92,81.73,81.99,115.69,94.3,429977,206383,34.824,119.79,1.26,2678,439646,364548,154481,116134,56807,50136,479547,391928,96183,81938,2508933,2573103,647406,530818,53791,56789,1407524,1327315,2765937,1276000,1476218,2605116,2655041,-0.005305837967962777,-0.018500720173640402,101.91642138008442,105.57342306333773,85.1896904858447,689723,39957102,-267667017,90.9390491,62.07413666894557,NA,99.5,1.625,1.54,1.19,1.13,3.664,28545411,9535,10028,4.92,14651866,26632032,55965258,64.64,97.43350194498407,9533,2508933,263.18399244728835,102.56,25.10818182,22547.204,NA,NA,4449.61,72.41000000000001,3512071,0.31229076741503786,21672.348,1327315,1.6327961335478016,664313836,1180126,0.858007491,5148823.045783139,80.48,49151,NA,262802035.77567008,92.57,117.654255
2003-05-31,3.39,56100,2.62,175229,2003,22817768,24410841,NA,NA,NA,NA,NA,94.39,88.19,NA,NA,NA,NA,NA,NA,NA,NA,206701,34.716,117.26,1.26,NA,NA,NA,NA,NA,NA,NA,NA,NA,NA,NA,NA,NA,NA,NA,NA,NA,NA,NA,NA,NA,NA,NA,NA,NA,NA,NA,NA,NA,NA,39957102,-267667017,NA,NA,NA,NA,1.625,1.53,1.18,1.07,3.664,28545411,9523,10022,4.98,14663973,115480322,76329375,NA,NA,NA,NA,NA,NA,25.75045455,NA,NA,NA,4319.44,74.71000000000001,3512071,0.31229076741503786,NA,NA,NA,656146425,985831,0.858007491,5148823.045783139,80.48,69246,NA,262361546.9167699,91.67,117.654255
2003-06-30,3.41,57949,2.91,176686,2003,23005465,21811108,NA,NA,NA,NA,NA,93.77,87.7,NA,NA,NA,NA,NA,NA,NA,NA,208398,34.623,118.26,1.22,NA,NA,NA,NA,NA,NA,NA,NA,NA,NA,NA,NA,NA,NA,NA,NA,NA,NA,NA,NA,NA,NA,NA,NA,NA,NA,NA,NA,NA,NA,39957102,-267667017,NA,NA,94.2,NA,1.375,1.53,1.16,0.92,3.598,28545411,9542,10054,5.09,14868329,156452413,20489205,NA,NA,NA,NA,NA,NA,27.54571429,NA,NA,NA,4869.95,73.08,3512071,0.31229076741503786,NA,NA,NA,664018298,2018128,0.858007491,5148823.045783139,80.48,55661,NA,255229389.09326985,91.5,117.654255
2003-07-31,6.05,58357,3.33,182208,2003,23233505,18936417,6.70591700235616,293888,194603,1456132,1396341,93.28,87.32,88.13,75.31,83.18,84.1,82.18,115.42,96.27,434029,210316,34.416,118.69,1.01,-4949,500020,415928,159564,120174,59318,52274,524647,441240,60115,51029,2715941,2755213,715967,588376,-72678,-66278,1446776,1392771,2913275,1380753,1593702,2776056,2806242,0.08250838105282206,0.06561703970187892,101.08736999541796,91.19403395800654,84.88563586459287,729939,39957102,-267667017,91.29017812,63.47031811261482,NA,99.8,1.375,1.4,1.03,0.9,3.55,28545411,9593,10115,5.16,14771022,34390388,61778858,66.22,95.89384753580032,9597,2715941,282.99895800771077,101.45,28.39826087,22564.109,NA,NA,5287.12,74.85,3512071,0.31229076741503786,19103.536,1392771,1.3716207474164812,699958350,2940538,0.858007491,5148823.045783139,80.48,55510,NA,253015282.6566941,91.57,117.654255
2003-08-31,5.48,59906,4.38,185669,2003,23465741,14250326,NA,NA,NA,NA,NA,93.14,87.26,NA,NA,NA,NA,NA,NA,NA,NA,211453,34.335,118.83,1.03,NA,NA,NA,NA,NA,NA,NA,NA,NA,NA,NA,NA,NA,NA,NA,NA,NA,NA,NA,NA,NA,NA,NA,NA,NA,NA,NA,NA,NA,NA,39957102,-267667017,NA,NA,NA,NA,1.375,1.4,1.02,0.95,3.525,28545411,9613,10142,5.21,14801179,37530016,23335719,NA,NA,NA,NA,NA,NA,29.82571429,NA,NA,NA,5446.94,74.49000000000001,3512071,0.31229076741503786,NA,NA,NA,699572341,2084876,0.858007491,5148823.045783139,80.48,80381,NA,254152947.48819634,92.07,117.654255
2003-09-30,7.7,60808,4.86,190576,2003,24271788,11898067,NA,NA,NA,NA,NA,93.27,87.37,NA,NA,NA,NA,NA,NA,NA,NA,212276,33.996,115.19,1.01,NA,NA,NA,NA,NA,NA,NA,NA,NA,NA,NA,NA,NA,NA,NA,NA,NA,NA,NA,NA,NA,NA,NA,NA,NA,NA,NA,NA,NA,NA,39957102,-267667017,NA,NA,93.8,NA,1.375,1.4,1.02,0.94,3.497,28545411,9584,10094,5.05,14911220,80867981,63132923,NA,NA,NA,NA,NA,NA,27.09818182,NA,NA,NA,5679.8,74.82,3512071,0.31229076741503786,NA,NA,NA,712850287,1725712,0.858007491,5148823.045783139,80.48,69231,NA,247729911.65154994,91.54,117.654255
2003-10-31,9.13,61518,5.53,196609,2003,24526434,16876377,7.556319829748423,280748,189573,1432652,1381802,94,87.92,89.77,76.49,84.3,82.96,83.35,114.34,98.68,440421,212823,33.896,109.58,1.01,-6137,559019,471241,181575,138885,99228,89078,558330,463206,90168,77019,2944232,2943042,838902,699204,29976,23771,1594357,1573374,3131167,1538278,1758860,3034400,3020061,0.08405594966900974,0.09306152325457412,99.5274518850514,79.30010675206832,85.41722118711738,859989,39957102,-267667017,92.30029066,64.57841926516508,NA,100.8,1.375,NA,NA,0.92,3.435,28545411,9612,10109,4.92,14878227,45667565,27058065,67.52,96.45063839648428,9650,2944232,305.1017616580311,99.96,29.59043478,22589.258,NA,NA,5939.88,73.44000000000001,3512071,0.31229076741503786,21976.665,1573374,1.3967858246036862,769105568,2273857,0.858007491,5148823.045783139,80.48,87081,NA,243962722.99950296,91.47,117.654255
2003-11-30,9.55,62236,5.47,202833,2003,24646909,13626899,NA,NA,NA,NA,NA,94.1,87.98,NA,NA,NA,NA,NA,NA,NA,NA,214092,34.05,109.2,1,NA,NA,NA,NA,NA,NA,NA,NA,NA,NA,NA,NA,NA,NA,NA,NA,NA,NA,NA,NA,NA,NA,NA,NA,NA,NA,NA,NA,NA,NA,39957102,-267667017,NA,NA,NA,NA,1.375,1.4,1.02,0.93,3.435,28545411,9654,10131,4.71,15019093,37368979,64376459,NA,NA,NA,NA,NA,NA,28.772,NA,NA,NA,5951.52,74.02,3512071,0.31229076741503786,NA,NA,NA,740517833,1676394,0.858007491,5148823.045783139,80.48,62401,NA,252479934.4679738,92.14,117.654255
2003-12-31,10.25,65528,5.4,206632,2003,24215308,16560643,NA,NA,NA,NA,NA,93.91,87.87,NA,NA,NA,NA,NA,NA,NA,NA,216797,34.058,107.94,0.98,NA,NA,NA,NA,NA,NA,NA,NA,NA,NA,NA,NA,NA,NA,NA,NA,NA,NA,NA,NA,NA,NA,NA,NA,NA,NA,NA,NA,NA,NA,39957102,-267667017,NA,NA,NA,NA,1.375,1.4,1.03,0.9,3.429,28545411,9683,10148,4.58,15328300,61509965,32529172,NA,NA,NA,NA,NA,NA,29.83130435,NA,NA,NA,5853.3,84.38,3512071,0.31229076741503786,NA,NA,NA,797276961,1427430,0.858007491,5148823.045783139,80.48,43423,NA,267053127.55939108,93.05,117.654255
2004-01-31,14.8,67622,6.37,214926,2004,24303929,11415562,6.563920346583568,296936,194928,1440202,1403692,95.17,88.81,92.35,83.88,88.27,101.71,87.85,115.63,100.8,446241,219354,33.687,106.51,1,-15588,571015,504010,123463,103563,30019,27724,483516,491768,134351,114806,2697156,2807395,723181,635297,-12309,-17013,1581477,1594127,2929401,1463993,1692850,2831507,2922201,-0.08391865858397028,-0.0668642894806222,103.2030293409128,138.21593955642214,85.4522854314445,727980,40677115,-317646843,92.95426385,65.40637986567766,94.7,103,1.375,1.4,1.01,0.88,3.429,30668273,9697,10157,4.53,15505791,37405870,59941055,65.65,97.4649389460645,9699,2697156,278.08598824621095,104.09,31.14363636,22613.014,NA,NA,6236.42,150.99,3878450,0.32429466151512154,18353.052,1594127,1.1512917101335087,704670852,1826601,0.869522452,5650902.927721558,89.96,54781,NA,259618922.36503074,94.18,143.0015293
2004-01-31,14.8,67622,6.37,214926,2004,24303929,11415562,6.563920346583568,296936,194928,1440202,1403692,95.17,88.81,92.35,83.88,88.27,101.71,87.85,115.63,100.8,446241,219354,33.687,106.51,1,-15588,571015,504010,123463,103563,30019,27724,483516,491768,134351,114806,2697156,2807395,723181,635297,-12309,-17013,1581477,1594127,2929401,1463993,1692850,2831507,2922201,-0.08391865858397028,-0.0668642894806222,103.2030293409128,138.21593955642214,85.4522854314445,727980,40677115,-317646843,92.95426385,65.40637986567766,94.7,103,1.375,1.52,1.14,0.88,3.429,30668273,9697,10157,4.53,15505791,37405870,59941055,65.65,97.4649389460645,9699,2697156,278.08598824621095,104.09,31.14363636,22613.014,NA,NA,6236.42,150.99,3878450,0.32429466151512154,18353.052,1594127,1.1512917101335087,704670852,1826601,0.869522452,5650902.927721558,89.96,54781,NA,259618922.36503074,94.18,143.0015293
2004-02-29,8.23,67814,6.61,224803,2004,25143755,11834798,NA,NA,NA,NA,NA,93.49,87.73,NA,NA,NA,NA,NA,NA,NA,NA,221237,33.227,106.55,1.01,NA,NA,NA,NA,NA,NA,NA,NA,NA,NA,NA,NA,NA,NA,NA,NA,NA,NA,NA,NA,NA,NA,NA,NA,NA,NA,NA,NA,NA,NA,40677115,-317646843,NA,NA,NA,NA,1.375,1.4,0.98,0.93,3.429,30668273,9686,10154,4.61,15557517,44920828,26341640,NA,NA,NA,NA,NA,NA,30.866,NA,NA,NA,6514.45,77.51,3878450,0.32429466151512154,NA,NA,NA,743569641,3177051,0.869522452,5650902.927721558,89.96,15174,NA,270775925.7092282,95.23,143.0015293
2004-03-31,13.66,68916,7.69,226523,2004,25381637,19336608,NA,NA,NA,NA,NA,93.35,87.64,NA,NA,NA,NA,NA,NA,NA,NA,223114,33.306,108.62,1,NA,NA,NA,NA,NA,NA,NA,NA,NA,NA,NA,NA,NA,NA,NA,NA,NA,NA,NA,NA,NA,NA,NA,NA,NA,NA,NA,NA,NA,NA,40677115,-317646843,NA,NA,95.2,NA,1.375,1.4,0.99,0.94,3.425,30668273,9715,10168,4.45,15716083,43045467,74361298,NA,NA,NA,NA,NA,NA,33.79913043,NA,NA,NA,6658.08,74.55,3878450,0.32429466151512154,NA,NA,NA,828032717,3717785,0.869522452,5650902.927721558,89.96,37302,NA,290797927.2045502,96.54,143.0015293
2004-04-30,16.07,68843,8.26,227660,2004,25734057,18440130,7.353652048339287,290819,193879,1429128,1396970,94.69,88.72,90.97,82.29,87.61,82.97,86.99,117.75,101.61,451818,223574,33.006,107.25,1,776,584277,511892,144473,118889,51089,46477,492217,408385,83979,72420,2779814,2824458,778516,677258,31616,33013,1725013,1752744,3022019,1586211,1867697,2863793,2896878,0.03064635490123671,0.011402408682019857,101.15528601403803,104.4186487854251,86.23584467545457,770800,40677115,-317646843,92.96633506,66.4424307667578,NA,103.4,1.375,1.4,0.97,0.94,3.413,30668273,9732,10176,4.36,15819411,42697783,56723644,66.67,97.74981667142481,9762,2779814,284.75865601311205,101.61,33.36272727,22630.864,NA,NA,6666.2,75.54,3878450,0.32429466151512154,20346.653,1752744,1.160845679688534,825641166,3151976,0.869522452,5650902.927721558,89.96,46782,NA,290553258.97848713,97.1,143.0015293
2004-05-31,14.36,67732,8.38,229003,2004,26021793,15060645,NA,NA,NA,NA,NA,94.7,88.79,NA,NA,NA,NA,NA,NA,NA,NA,223277,33.504,112.52,1,NA,NA,NA,NA,NA,NA,NA,NA,NA,NA,NA,NA,NA,NA,NA,NA,NA,NA,NA,NA,NA,NA,NA,NA,NA,NA,NA,NA,NA,NA,40677115,-317646843,NA,NA,NA,NA,1.375,1.4,0.97,1.02,3.413,30668273,9764,10214,4.41,16057224,178345850,80418408,NA,NA,NA,NA,NA,NA,37.74095238,NA,NA,NA,5911.68,75.16,3878450,0.32429466151512154,NA,NA,NA,824535316,1852712,0.869522452,5650902.927721558,89.96,56676,NA,308156305.9265188,98.03,143.0015293
2004-06-30,12.54,69111,7.73,230092,2004,25970833,15509396,NA,NA,NA,NA,NA,94.65,88.81,NA,NA,NA,NA,NA,NA,NA,NA,224560,33.643,109.47,1.03,NA,NA,NA,NA,NA,NA,NA,NA,NA,NA,NA,NA,NA,NA,NA,NA,NA,NA,NA,NA,NA,NA,NA,NA,NA,NA,NA,NA,NA,NA,40677115,-317646843,NA,NA,95.1,NA,1.375,1.4,1.02,1.27,3.407,30668273,9791,10257,4.54,16116120,119886624,24559592,NA,NA,NA,NA,NA,NA,35.19272727,NA,NA,NA,5758.18,78.96000000000001,3878450,0.32429466151512154,NA,NA,NA,823723591,1457107,0.869522452,5650902.927721558,89.96,11778,NA,312992531.39604217,98.43,143.0015293
2004-07-31,11.22,69708,7.6,230402,2004,26357312,20793342,7.95299080337463,294153,209835,1491708,1443729,94.04,88.49,92.47,82.81,88.85,84.38,88.11,119.86,104.97,458110,225380,33.891,109.36,1.26,6251,623788,554235,145886,120808,50125,46352,527887,445449,91499,79877,2907455,2952300,818747,721395,11379,14806,1702054,1786724,3141478,1588399,1903810,2998954,3032177,0.045917100928335494,0.04719649779156524,101.10781959309814,130.11688197556904,87.29822183849004,827958,40677115,-317646843,93.54161327,67.50885240440691,NA,103.8,1.375,1.4,1.02,1.33,3.406,30668273,9829,10305,4.62,16200228,17931899,72981665,71.34,96.78361985053375,9818,2907455,296.1351599103687,101.54,38.37136364,22649.796,NA,NA,5553.57,78.5,3878450,0.32429466151512154,19331.557,1786724,1.0819554111323293,831596230,1165112,0.869522452,5650902.927721558,89.96,46893,NA,315878221.77917635,100.16,143.0015293
2004-08-31,12.03,70427,7.14,231609,2004,26009729,17232696,NA,NA,NA,NA,NA,93.68,88.22,NA,NA,NA,NA,NA,NA,NA,NA,225513,34.119,110.36,1.43,NA,NA,NA,NA,NA,NA,NA,NA,NA,NA,NA,NA,NA,NA,NA,NA,NA,NA,NA,NA,NA,NA,NA,NA,NA,NA,NA,NA,NA,NA,40677115,-317646843,NA,NA,NA,NA,1.375,1.4,1.05,1.48,3.406,30668273,9836,10318,4.67,16248518,43042459,20658644,NA,NA,NA,NA,NA,NA,43.03090909,NA,NA,NA,5497.72,74.36,3878450,0.32429466151512154,NA,NA,NA,825052670,1241157,0.869522452,5650902.927721558,89.96,46572,NA,315807261.91448075,101.68,143.0015293
2004-09-30,11.16,70928,6.91,233006,2004,26250696,16212022,NA,NA,NA,NA,NA,93.75,88.29,NA,NA,NA,NA,NA,NA,NA,NA,225536,33.92,110.01,1.61,NA,NA,NA,NA,NA,NA,NA,NA,NA,NA,NA,NA,NA,NA,NA,NA,NA,NA,NA,NA,NA,NA,NA,NA,NA,NA,NA,NA,NA,NA,40677115,-317646843,NA,NA,95.3,NA,1.375,1.4,1.08,1.65,3.42,30668273,9788,10249,4.5,16332711,109359973,71546698,NA,NA,NA,NA,NA,NA,43.38227273,NA,NA,NA,5865.56,76.73,3878450,0.32429466151512154,NA,NA,NA,837582077,1730814,0.869522452,5650902.927721558,89.96,43206,NA,338858676.1849228,101.96,143.0015293
2004-10-31,9.94,70630,6.6,235032,2004,26390443,18580975,8.88116591928251,282852,199321,1494177,1445743,94.4,88.85,92.49,83.81,88.34,83.42,87.9,116.3,106.5,466279,226509,33.808,108.92,1.76,2873,679919,600649,172560,144616,77860,72013,559311,466559,110705,96304,3050226,3012088,929808,817278,61211,69820,1809067,1926713,3319004,1668132,1940080,3160931,3108392,0.049105145221508155,0.05401116522627556,98.33786311691081,114.06446553724004,86.99155413034642,877061,40677115,-317646843,93.35129828,68.7109793820422,NA,104.8,1.625,NA,NA,1.76,3.478,30668273,9837,10280,4.31,16343577,15883118,22230212,70.47,96.7584830980533,9865,3050226,309.19675620881907,98.75,49.77047619,22674.232,NA,NA,5885.47,75.32,3878450,0.32429466151512154,20853.327,1926713,1.0823265841876812,861150964,1637218,0.869522452,5650902.927721558,89.96,29772,NA,361068293.1881046,102.31,143.0015293
2004-11-30,9.92,70608,6.82,239129,2004,26558916,20579821,NA,NA,NA,NA,NA,94.31,88.75,NA,NA,NA,NA,NA,NA,NA,NA,227501,32.774,104.9,1.93,NA,NA,NA,NA,NA,NA,NA,NA,NA,NA,NA,NA,NA,NA,NA,NA,NA,NA,NA,NA,NA,NA,NA,NA,NA,NA,NA,NA,NA,NA,40677115,-317646843,NA,NA,NA,NA,1.625,1.52,1.14,2.07,3.478,30668273,9870,10296,4.14,16585492,64610930,71313382,NA,NA,NA,NA,NA,NA,43.055,NA,NA,NA,5885.48,75.21000000000001,3878450,0.32429466151512154,NA,NA,NA,838739145,1527767,0.869522452,5650902.927721558,89.96,37181,NA,399720991.39987916,100.22,143.0015293
2004-12-31,10.29,73680,7.16,241738,2004,27053069,21136367,NA,NA,NA,NA,NA,94.27,88.83,NA,NA,NA,NA,NA,NA,NA,NA,231484,32.226,103.84,2.16,NA,NA,NA,NA,NA,NA,NA,NA,NA,NA,NA,NA,NA,NA,NA,NA,NA,NA,NA,NA,NA,NA,NA,NA,NA,NA,NA,NA,NA,NA,40677115,-317646843,NA,NA,NA,NA,1.75,1.52,1.15,2.19,3.516,30668273,9887,10309,4.09,16852463,56416448,32676804,NA,NA,NA,NA,NA,NA,39.65608696,NA,NA,NA,5967.39,81.34,3878450,0.32429466151512154,NA,NA,NA,827069819,1390067,0.869522452,5650902.927721558,89.96,-19220,NA,433431875.89410084,98.65,143.0015293
2005-01-31,1.43,73501,6.05,242744,2005,26770893,23566572,7.686649692179068,301598,205948,1503276,1465381,94.05,88.65,91.31,86.2,89.34,104.06,88.99,112.44,100.85,471854,232024,31.939,103.94,2.28,-6735,639688,571469,126195,108781,41941,38296,473851,493093,121425,105406,2798642,2888183,807463,718546,-29941,-36375,1675107,1689397,3050509,1539511,1730987,2920067,2993589,-0.08248044571123582,-0.07620033464824129,102.51781894045581,121.48892822551016,86.80749433806876,722897,39461202,-73959727,93.81104883,70.02189779489933,95.9,106.4,1.75,1.59,1.2,2.33,3.571,33024181,9901,10320,4.06,16866404,38419586,68549332,68.29,97.47917215468085,9884,2798642,283.14872521246457,103.2,44.28428571,22696.209,NA,NA,5917.56,139.37,4100632,0.3327953970290496,19275.016,1689397,1.1409405841255784,852680907,1155123,0.884758592,5983702.315890643,95.7,12392,NA,397584528.380623,97.96,162.8315007
2005-01-31,1.43,73501,6.05,242744,2005,26770893,23566572,7.686649692179068,301598,205948,1503276,1465381,94.05,88.65,91.31,86.2,89.34,104.06,88.99,112.44,100.85,471854,232024,31.939,103.94,2.28,-6735,639688,571469,126195,108781,41941,38296,473851,493093,121425,105406,2798642,2888183,807463,718546,-29941,-36375,1675107,1689397,3050509,1539511,1730987,2920067,2993589,-0.08248044571123582,-0.07620033464824129,102.51781894045581,121.48892822551016,86.80749433806876,722897,39461202,-73959727,93.81104883,70.02189779489933,95.9,106.4,1.75,1.89,1.39,2.33,3.571,33024181,9901,10320,4.06,16866404,38419586,68549332,68.29,97.47917215468085,9884,2798642,283.14872521246457,103.2,44.28428571,22696.209,NA,NA,5917.56,139.37,4100632,0.3327953970290496,19275.016,1689397,1.1409405841255784,852680907,1155123,0.884758592,5983702.315890643,95.7,12392,NA,397584528.380623,97.96,162.8315007
2005-02-28,14.59,73977,6.38,246628,2005,26880840,13031288,NA,NA,NA,NA,NA,95.01,89.47,NA,NA,NA,NA,NA,NA,NA,NA,232852,31.516,104.88,2.5,NA,NA,NA,NA,NA,NA,NA,NA,NA,NA,NA,NA,NA,NA,NA,NA,NA,NA,NA,NA,NA,NA,NA,NA,NA,NA,NA,NA,NA,NA,39461202,-73959727,NA,NA,NA,NA,1.75,1.59,1.2,2.54,3.584,33024181,9874,10316,4.28,16892969,34604484,19344639,NA,NA,NA,NA,NA,NA,45.557,NA,NA,NA,6100.64,103.39,4100632,0.3327953970290496,NA,NA,NA,672437748,1119161,0.884758592,5983702.315890643,95.7,36537,NA,403810498.7459588,97.72,162.8315007
2005-03-31,7.28,73721,5.86,251135,2005,27058106,21868175,NA,NA,NA,NA,NA,93.63,88.71,NA,NA,NA,NA,NA,NA,NA,NA,233956,31.164,105.31,2.63,NA,NA,NA,NA,NA,NA,NA,NA,NA,NA,NA,NA,NA,NA,NA,NA,NA,NA,NA,NA,NA,NA,NA,NA,NA,NA,NA,NA,NA,NA,39461202,-73959727,NA,NA,95.9,NA,1.875,1.68,1.22,2.74,3.614,33024181,9877,10305,4.15,17087877,48849117,75067265,NA,NA,NA,NA,NA,NA,53.0726087,NA,NA,NA,6103.94,75.28,4100632,0.3327953970290496,NA,NA,NA,870561338,1677535,0.884758592,5983702.315890643,95.7,3307,NA,384912034.0388834,98.41,162.8315007
2005-04-30,6.18,72726,5.51,252640,2005,27311309,23226665,8.511267766208102,293626,209453,1490081,1454602,94.54,89.45,89.6,82.77,86.76,84.44,86.32,111.68,101.84,478680,234100,31.523,107.36,2.79,-1604,647601,561832,143717,118951,55754,49958,516485,436111,77366,68158,2913818,2876093,846542,730741,7621,11123,1809369,1842590,3150188,1680458,1876653,2991184,2944251,0.041154245523364545,0.024354578165500997,98.43095576868558,145.95197480645587,88.09813096192126,768730,39461202,-73959727,94.43252262,70.8377375359574,NA,106.7,1.875,1.69,1.27,2.78,3.657,33024181,9899,10316,4.04,17092931,34311115,59346781,71.33,97.61898849794072,9912,2913818,293.9687247780468,98.71,51.85714286,22712.927,NA,NA,5876.11,75.54,4100632,0.3327953970290496,20240.828,1842590,1.0984987436163227,830363239,1192195,0.884758592,5983702.315890643,95.7,18908,NA,402926448.03301126,98.97,162.8315007
2005-05-31,6.6,72021,5.6,253170,2005,27364075,29277355,NA,NA,NA,NA,NA,94.61,89.38,NA,NA,NA,NA,NA,NA,NA,NA,233879,31.303,106.91,3,NA,NA,NA,NA,NA,NA,NA,NA,NA,NA,NA,NA,NA,NA,NA,NA,NA,NA,NA,NA,NA,NA,NA,NA,NA,NA,NA,NA,NA,NA,39461202,-73959727,NA,NA,NA,NA,1.875,1.69,1.27,2.84,3.657,33024181,9918,10343,4.1,17284731,224737493,87366664,NA,NA,NA,NA,NA,NA,48.66636364,NA,NA,NA,5930.4,76.16,4100632,0.3327953970290496,NA,NA,NA,827650584,1309171,0.884758592,5983702.315890643,95.7,24096,NA,412443054.10111785,97.34,162.8315007
2005-06-30,8.77,74707,6.32,253615,2005,27978493,24714365,NA,NA,NA,NA,NA,94.58,89.33,NA,NA,NA,NA,NA,NA,NA,NA,238584,31.371,108.63,3.04,NA,NA,NA,NA,NA,NA,NA,NA,NA,NA,NA,NA,NA,NA,NA,NA,NA,NA,NA,NA,NA,NA,NA,NA,NA,NA,NA,NA,NA,NA,39461202,-73959727,NA,NA,95.8,NA,1.875,1.69,1.27,2.97,3.671,33024181,9920,10357,4.22,17458482,163945027,22474248,NA,NA,NA,NA,NA,NA,54.30772727,NA,NA,NA,6221.29,78.46000000000001,4100632,0.3327953970290496,NA,NA,NA,835632573,1822192,0.884758592,5983702.315890643,95.7,10892,NA,391804282.84635985,97.4,162.8315007
2005-07-31,8.56,75137,6.51,253562,2005,28136768,32026142,9.129702819791746,297864,231329,1544447,1500208,94.14,89.03,90.05,82.11,86.97,86.39,86.4,115.39,105.79,485420,238792,31.921,111.94,3.26,2199,629594,547566,151066,124045,55147,49658,529076,457065,26413,23953,3054716,3034571,834760,721269,39588,43416,1780890,1884030,3245774,1703236,1965314,3081129,3058524,0.04835511346281751,0.030070032468748162,99.26634035770654,109.66959684752955,90.6864044220649,844364,39461202,-73959727,95.33902395,72.11539903204044,NA,107.5,2,1.79,1.32,3.22,3.714,33024181,9941,10390,4.32,17445212,22513943,72669006,77.66,97.13560905618645,9955,3054716,306.85243596182823,99.34,57.57904762,22733.699,NA,NA,6334.58,80.06,4100632,0.3327953970290496,20410.106,1884030,1.0833217093146075,814270612,1885300,0.884758592,5983702.315890643,95.7,28999,NA,387499773.2081053,98.56,162.8315007
2005-08-31,8.65,74808,6.55,254086,2005,28335855,35462459,NA,NA,NA,NA,NA,93.92,88.92,NA,NA,NA,NA,NA,NA,NA,NA,239330,32.111,110.72,3.5,NA,NA,NA,NA,NA,NA,NA,NA,NA,NA,NA,NA,NA,NA,NA,NA,NA,NA,NA,NA,NA,NA,NA,NA,NA,NA,NA,NA,NA,NA,39461202,-73959727,NA,NA,NA,NA,2,1.79,1.32,3.44,3.734,33024181,9972,10427,4.36,17533530,56594979,26796850,NA,NA,NA,NA,NA,NA,64.12478261,NA,NA,NA,6243.56,76.61999999999999,4100632,0.3327953970290496,NA,NA,NA,870365364,1726635,0.884758592,5983702.315890643,95.7,30838,NA,380473860.1074911,99.8,162.8315007
2005-09-30,7.57,74812,6.39,253746,2005,28490603,29435001,NA,NA,NA,NA,NA,94.05,88.91,NA,NA,NA,NA,NA,NA,NA,NA,239903,32.924,111.06,3.62,NA,NA,NA,NA,NA,NA,NA,NA,NA,NA,NA,NA,NA,NA,NA,NA,NA,NA,NA,NA,NA,NA,NA,NA,NA,NA,NA,NA,NA,NA,39461202,-73959727,NA,NA,95.8,NA,2.125,1.89,1.37,3.42,3.762,33024181,9951,10381,4.14,17740457,137573615,75381552,NA,NA,NA,NA,NA,NA,62.98227273,NA,NA,NA,6066.8,79.35,4100632,0.3327953970290496,NA,NA,NA,898534802,1368790,0.884758592,5983702.315890643,95.7,43361,NA,390398298.2548518,101.86,162.8315007
2005-10-31,8.32,73862,6.33,252006,2005,28413487,35237776,10.265410047883256,285541,215462,1538344,1497739,94.6,89.37,90.5,83.04,87.64,85.04,87.09,118.62,110.11,491968,239351,33.491,114.82,3.78,6789,600200,526040,181314,150558,83453,75523,554068,471201,98163,87589,3283049,3237828,863585,752121,17380,15452,1800562,1982628,3252858,1912350,2268481,3381212,3325417,0.07474770158666141,0.09739384491853473,98.34985206488088,88.90678941311853,89.22812057496205,950625,39461202,-73959727,95.50889139,73.15487932975215,NA,107.7,2.125,NA,NA,3.71,3.81,33024181,9993,10417,4.07,17695345,38669158,26326612,75.46,97.3604733401632,10018,3283049,327.7150129766421,98.62,58.52238095,22757.611,NA,NA,5879.88,77.41000000000001,4100632,0.3327953970290496,22447.718,1982628,1.1322203660999441,914956129,1415499,0.884758592,5983702.315890643,95.7,72842,NA,417248203.6728307,102.27,162.8315007
2005-11-30,7.48,75005,6.2,251783,2005,28695477,28539463,NA,NA,NA,NA,NA,94.63,89.33,NA,NA,NA,NA,NA,NA,NA,NA,241483,33.58,118.41,4,NA,NA,NA,NA,NA,NA,NA,NA,NA,NA,NA,NA,NA,NA,NA,NA,NA,NA,NA,NA,NA,NA,NA,NA,NA,NA,NA,NA,NA,NA,39461202,-73959727,NA,NA,NA,NA,2.125,1.89,1.39,3.88,3.81,33024181,10024,10435,3.94,17828799,70997479,75615792,NA,NA,NA,NA,NA,NA,55.53590909,NA,NA,NA,6024.75,75.92,4100632,0.3327953970290496,NA,NA,NA,919121020,1721978,0.884758592,5983702.315890643,95.7,68230,NA,423514813.402967,101.08,162.8315007
2005-12-31,6.34,78711,6.7,253290,2005,29228583,23351691,NA,NA,NA,NA,NA,94.46,89.23,NA,NA,NA,NA,NA,NA,NA,NA,246116,33.299,118.64,4.16,NA,NA,NA,NA,NA,NA,NA,NA,NA,NA,NA,NA,NA,NA,NA,NA,NA,NA,NA,NA,NA,NA,NA,NA,NA,NA,NA,NA,NA,NA,39461202,-73959727,NA,NA,NA,NA,2.25,1.99,1.41,3.89,3.845,33024181,10037,10440,3.86,18166221,59021777,28219849,NA,NA,NA,NA,NA,NA,56.71227273,NA,NA,NA,6377.19,84.38,4100632,0.3327953970290496,NA,NA,NA,922275944,2425322,0.884758592,5983702.315890643,95.7,117981,NA,412763710.85931355,100.35,162.8315007
2006-01-31,12.39,79656,7.26,257298,2006,24964406,27887218,8.945599300752452,306711,215848,1530672,1499267,95.21,89.88,90.55,86.91,89.18,106.67,88.92,114.78,106.64,497913,245600,32.107,115.45,4.29,3532,640042,570780,120479,104710,40427,36606,463804,494728,131885,116064,2968079,3015255,800810,712096,14708,6267,1802383,1922137,3115143,1750434,2009186,3099964,3131319,-0.09593825739426978,-0.0831796409098276,101.01146335892932,42.60946423714985,88.0039428289798,749826,37597947,-37207813,95.68831521,74.64525120954477,95.2,108.8,2.25,1.99,1.45,4.24,3.866,35485099,10038,10435,3.8,18271206,44655414,69413342,70.38,97.94828676555134,10024,2968079,296.0972665602554,101.59,63.36136364,22780.718,NA,NA,6609.32,165.44,4186291,0.32505976809304354,20432.151,1922137,1.062991399676506,884015226,2163522,0.903545201,6047537.427810326,102.97,70539,NA,387213586.2980414,99.05,188.0540797
2006-01-31,12.39,79656,7.26,257298,2006,24964406,27887218,8.945599300752452,306711,215848,1530672,1499267,95.21,89.88,90.55,86.91,89.18,106.67,88.92,114.78,106.64,497913,245600,32.107,115.45,4.29,3532,640042,570780,120479,104710,40427,36606,463804,494728,131885,116064,2968079,3015255,800810,712096,14708,6267,1802383,1922137,3115143,1750434,2009186,3099964,3131319,-0.09593825739426978,-0.0831796409098276,101.01146335892932,42.60946423714985,88.0039428289798,749826,37597947,-37207813,95.68831521,74.64525120954477,95.2,108.8,2.25,2.2,1.66,4.24,3.866,35485099,10038,10435,3.8,18271206,44655414,69413342,70.38,97.94828676555134,10024,2968079,296.0972665602554,101.59,63.36136364,22780.718,NA,NA,6609.32,165.44,4186291,0.32505976809304354,20432.151,1922137,1.062991399676506,884015226,2163522,0.903545201,6047537.427810326,102.97,70539,NA,387213586.2980414,99.05,188.0540797
2006-02-28,3.3,78014,6.55,256979,2006,25272852,24356095,NA,NA,NA,NA,NA,94.15,89.18,NA,NA,NA,NA,NA,NA,NA,NA,247441,32.371,117.89,4.49,NA,NA,NA,NA,NA,NA,NA,NA,NA,NA,NA,NA,NA,NA,NA,NA,NA,NA,NA,NA,NA,NA,NA,NA,NA,NA,NA,NA,NA,NA,37597947,-37207813,NA,NA,NA,NA,2.25,1.99,1.45,4.43,3.886,35485099,10006,10414,3.92,18259468,39496435,22990288,NA,NA,NA,NA,NA,NA,59.9235,NA,NA,NA,6614.03,81.41000000000001,4186291,0.32505976809304354,NA,NA,NA,773742789,1575563,0.903545201,6047537.427810326,102.97,-27211,NA,401232933.78369725,99.97,188.0540797
2006-03-31,5.55,76725,6.17,257051,2006,24972540,30109996,NA,NA,NA,NA,NA,94.13,89.19,NA,NA,NA,NA,NA,NA,NA,NA,247578,32.489,117.31,4.59,NA,NA,NA,NA,NA,NA,NA,NA,NA,NA,NA,NA,NA,NA,NA,NA,NA,NA,NA,NA,NA,NA,NA,NA,NA,NA,NA,NA,NA,NA,37597947,-37207813,NA,NA,94.6,NA,2.375,1.99,1.45,4.51,3.896,35485099,10029,10434,3.87,18220028,42096389,80559138,NA,NA,NA,NA,NA,NA,62.25391304,NA,NA,NA,6500.62,77.13,4186291,0.32505976809304354,NA,NA,NA,950620506,2066215,0.903545201,6047537.427810326,102.97,46837,NA,411575123.0464543,100.48,188.0540797
2006-04-30,4.92,77661,6.53,259035,2006,25288201,22582986,10.0086075853158,296658,216102,1511825,1491434,95.22,89.93,91.12,86.97,89.71,85.19,89.39,116.01,109.96,503857,249841,32.311,117.11,4.79,5798,660876,592875,131592,114446,45870,41798,501861,427515,75592,67651,3078166,3020629,838033,749119,17183,24210,1886217,2074146,3163079,1884662,2186395,3153758,3088280,0.03709032003528208,0.017353104745732532,97.92381026064777,140.8950707094221,89.49492009736481,804398,37597947,-37207813,95.92144042,75.44566140927817,NA,111.2,2.375,2.06,1.52,4.6,3.947,35485099,10048,10443,3.78,18256996,36184686,49047502,72.85,98.65123278157193,10062,3078166,305.9198966408269,98.13,70.4325,22802.844,NA,NA,6941.09,77.6,4186291,0.32505976809304354,19913.904,2074146,0.9601013621991894,906440379,2333825,0.903545201,6047537.427810326,102.97,70817,NA,417297917.2389403,102.24,188.0540797
2006-05-31,5.74,77256,7.04,260939,2006,25273773,18114551,NA,NA,NA,NA,NA,95.39,89.98,NA,NA,NA,NA,NA,NA,NA,NA,250079,31.762,111.61,4.94,NA,NA,NA,NA,NA,NA,NA,NA,NA,NA,NA,NA,NA,NA,NA,NA,NA,NA,NA,NA,NA,NA,NA,NA,NA,NA,NA,NA,NA,NA,37597947,-37207813,NA,NA,NA,NA,2.375,2.06,1.52,4.72,3.947,35485099,10064,10466,3.84,18356290,134181804,86441843,NA,NA,NA,NA,NA,NA,70.26695652,NA,NA,NA,7123,79.56,4186291,0.32505976809304354,NA,NA,NA,932445878,2771202,0.903545201,6047537.427810326,102.97,19075,NA,434654423.36543447,103.76,188.0540797
2006-06-30,5.42,77121,6.42,260351,2006,25329177,21275888,NA,NA,NA,NA,NA,95.02,89.69,NA,NA,NA,NA,NA,NA,NA,NA,251532,32.48,114.53,4.99,NA,NA,NA,NA,NA,NA,NA,NA,NA,NA,NA,NA,NA,NA,NA,NA,NA,NA,NA,NA,NA,NA,NA,NA,NA,NA,NA,NA,NA,NA,37597947,-37207813,NA,NA,94.7,NA,2.5,2.06,1.53,4.79,3.964,35485099,10073,10491,3.98,18384485,266109368,27788900,NA,NA,NA,NA,NA,NA,68.85772727,NA,NA,NA,6547.77,78.35,4186291,0.32505976809304354,NA,NA,NA,944413040,1977930,0.903545201,6047537.427810326,102.97,35612,NA,444350421.7718633,105.96,188.0540797
2006-07-31,5.17,76321,5.66,260371,2006,24911167,22398779,10.653017405183553,310957,231621,1563076,1534764,94.78,89.54,92.33,87.72,90.85,87.37,90.47,119.23,114.7,510328,251009,32.632,115.67,5.24,4093,673203,611572,139757,122595,53279,49194,529175,462342,51465,46302,3274244,3200487,865920,783361,3408,3068,1896507,2175345,3269726,1979913,2360676,3325709,3246789,0.06369961853909113,0.05452257275288719,97.62697217345234,90.02347417840375,89.96793937627514,908915,37597947,-37207813,95.74956111,76.09128236265016,NA,111.7,2.5,2.13,1.59,4.95,4.012,35485099,10134,10562,4.05,18283573,18572524,74960626,74.49,98.18869971773606,10153,3274244,322.4902984339604,97.75,73.89809524,22826.84,NA,NA,6504.24,80.77,4186291,0.32505976809304354,20058.563,2175345,0.9220865196095331,930898776,1470873,0.903545201,6047537.427810326,102.97,48943,NA,458215916.95223415,107.62,188.0540797
2006-08-31,4.15,77794,5.35,261018,2006,25018395,24630320,NA,NA,NA,NA,NA,94.43,89.25,NA,NA,NA,NA,NA,NA,NA,NA,251433,32.79,115.88,5.25,NA,NA,NA,NA,NA,NA,NA,NA,NA,NA,NA,NA,NA,NA,NA,NA,NA,NA,NA,NA,NA,NA,NA,NA,NA,NA,NA,NA,NA,NA,37597947,-37207813,NA,NA,NA,NA,2.5,2.13,1.59,4.96,4.026,35485099,10170,10604,4.09,18320814,62456816,24018294,NA,NA,NA,NA,NA,NA,73.61217391,NA,NA,NA,6551.76,77.36,4186291,0.32505976809304354,NA,NA,NA,995529869,1701625,0.903545201,6047537.427810326,102.97,36554,NA,455044930.95414597,108.89,188.0540797
2006-09-30,4.8,79278,5.75,261551,2006,25413376,22236008,NA,NA,NA,NA,NA,94.27,89.23,NA,NA,NA,NA,NA,NA,NA,NA,252392,32.907,117.01,5.25,NA,NA,NA,NA,NA,NA,NA,NA,NA,NA,NA,NA,NA,NA,NA,NA,NA,NA,NA,NA,NA,NA,NA,NA,NA,NA,NA,NA,NA,NA,37597947,-37207813,NA,NA,94.4,NA,2.625,2.13,1.6,4.81,4.042,35485099,10154,10573,3.96,18408922,95948757,74964643,NA,NA,NA,NA,NA,NA,62.77285714,NA,NA,NA,6781.58,79.43,4186291,0.32505976809304354,NA,NA,NA,962757976,1561694,0.903545201,6047537.427810326,102.97,93345,NA,483212815.1220816,108.89,188.0540797
2006-10-31,5.32,78756,5.85,261821,2006,25161752,20369485,12.088926046971194,301317,220932,1562856,1532646,95.07,89.76,92.59,88.62,91.3,86.61,90.98,118.27,114.52,517272,252592,33.206,118.66,5.25,6178,657728,600526,163128,144557,78489,72671,567837,491815,85132,75923,3425106,3336216,898835,817754,12129,10284,1899120,2174880,3335756,2061110,2437665,3510238,3412139,0.046075368848503655,0.055485612240878564,97.20534619020135,84.78852337373237,89.18268101301508,949972,37597947,-37207813,97.00013058,77.02275587108932,NA,112.5,2.625,NA,NA,4.92,4.103,35485099,10182,10595,3.9,18401390,91072002,23418065,73.32,98.06700041462553,10206,3425106,335.5972957084068,97.4,58.38181818,22857.785,NA,NA,7029.4,78.98,4186291,0.32505976809304354,19162.307,2174880,0.8810742201868609,975310042,1647726,0.903545201,6047537.427810326,102.97,72642,NA,487199322.9020353,108.17,188.0540797
2006-11-30,5.77,78967,5.86,265140,2006,25402664,22717573,NA,NA,NA,NA,NA,95.28,89.9,NA,NA,NA,NA,NA,NA,NA,NA,254720,32.824,117.35,5.25,NA,NA,NA,NA,NA,NA,NA,NA,NA,NA,NA,NA,NA,NA,NA,NA,NA,NA,NA,NA,NA,NA,NA,NA,NA,NA,NA,NA,NA,NA,37597947,-37207813,NA,NA,NA,NA,2.625,2.2,1.66,4.94,4.103,35485099,10207,10616,3.86,18471023,72597784,75439805,NA,NA,NA,NA,NA,NA,58.48409091,NA,NA,NA,7266.97,76.36,4186291,0.32505976809304354,NA,NA,NA,986488945,2327000,0.903545201,6047537.427810326,102.97,74799,NA,480997348.089549,107.11,188.0540797
2006-12-31,5.32,82226,5.74,266148,2006,25743118,19154349,NA,NA,NA,NA,NA,95.17,89.9,NA,NA,NA,NA,NA,NA,NA,NA,258115,32.523,117.13,5.24,NA,NA,NA,NA,NA,NA,NA,NA,NA,NA,NA,NA,NA,NA,NA,NA,NA,NA,NA,NA,NA,NA,NA,NA,NA,NA,NA,NA,NA,NA,37597947,-37207813,NA,NA,NA,NA,2.75,2.2,1.66,4.85,4.115,35485099,10228,10633,3.81,18692761,63289119,25100350,NA,NA,NA,NA,NA,NA,62.27047619,NA,NA,NA,7630.3,83.45,4186291,0.32505976809304354,NA,NA,NA,951077015,2303187,0.903545201,6047537.427810326,102.97,94021,NA,484692810.89786094,106.75,188.0540797
2007-01-31,0.98,82169,5.01,265972,2007,25582755,24208065,10.861005548377289,309120,218022,1560403,1537313,94.97,89.87,92.95,92.47,92.53,107.79,92.5,118.38,113.82,522495,259591,32.768,120.58,5.25,11006,632328,585064,108024,99887,46867,43563,471035,507748,144488,128408,3135562,3164736,787574,728514,-35583,-43707,1801530,2050533,3087750,1915261,2267379,3280050,3293144,-0.08453577787081626,-0.06557618030458334,100.39920123168855,122.83112722367422,88.87104811472233,779037,37022567,-45410595,97.71387947,77.96290986828222,94.1,114.7,2.75,2.23,1.69,4.98,3.957,37875992,10239,10643,3.79,18752858,42593754,64424864,70.53,98.52025406257229,10242,3135562,306.14743214215974,100.93,54.55391304,22878.491,NA,NA,7814.79,98.51,4297374,0.3139207843055898,19136.757,2050533,0.9332576944628544,975430655,2630241,0.932895422,6138497.119470818,111.16,54830,NA,472793004.7817868,106.02,217.4311923
2007-01-31,0.98,82169,5.01,265972,2007,25582755,24208065,10.861005548377289,309120,218022,1560403,1537313,94.97,89.87,92.95,92.47,92.53,107.79,92.5,118.38,113.82,522495,259591,32.768,120.58,5.25,11006,632328,585064,108024,99887,46867,43563,471035,507748,144488,128408,3135562,3164736,787574,728514,-35583,-43707,1801530,2050533,3087750,1915261,2267379,3280050,3293144,-0.08453577787081626,-0.06557618030458334,100.39920123168855,122.83112722367422,88.87104811472233,779037,37022567,-45410595,97.71387947,77.96290986828222,94.1,114.7,2.75,2.54,2.04,4.98,3.957,37875992,10239,10643,3.79,18752858,42593754,64424864,70.53,98.52025406257229,10242,3135562,306.14743214215974,100.93,54.55391304,22878.491,NA,NA,7814.79,98.51,4297374,0.3139207843055898,19136.757,2050533,0.9332576944628544,975430655,2630241,0.932895422,6138497.119470818,111.16,54830,NA,472793004.7817868,106.02,217.4311923
2007-02-28,8.85,84507,5.54,267987,2007,25637078,9971864,NA,NA,NA,NA,NA,96.25,90.8,NA,NA,NA,NA,NA,NA,NA,NA,260014,32.969,120.45,5.26,NA,NA,NA,NA,NA,NA,NA,NA,NA,NA,NA,NA,NA,NA,NA,NA,NA,NA,NA,NA,NA,NA,NA,NA,NA,NA,NA,NA,NA,NA,37022567,-45410595,NA,NA,NA,NA,2.75,2.23,1.69,5.03,3.969,37875992,10243,10646,3.78,18831947,31880381,4210332,NA,NA,NA,NA,NA,NA,57.7585,NA,NA,NA,7817.84,154.57,4297374,0.3139207843055898,NA,NA,NA,779840637,1095152,0.932895422,6138497.119470818,111.16,67318,NA,489440391.58868086,106.71,217.4311923
2007-03-31,7.54,83193,5.76,267485,2007,25594665,24375091,NA,NA,NA,NA,NA,94.77,89.82,NA,NA,NA,NA,NA,NA,NA,NA,260760,33.012,117.28,5.26,NA,NA,NA,NA,NA,NA,NA,NA,NA,NA,NA,NA,NA,NA,NA,NA,NA,NA,NA,NA,NA,NA,NA,NA,NA,NA,NA,NA,NA,NA,37022567,-45410595,NA,NA,93.9,NA,2.875,2.23,1.7,4.94,3.977,37875992,10244,10664,3.94,18862836,57962568,91490753,NA,NA,NA,NA,NA,NA,62.14363636,NA,NA,NA,7689.34,78.04,4297374,0.3139207843055898,NA,NA,NA,1008760907,2575913,0.932895422,6138497.119470818,111.16,63812,NA,480330428.5300198,108.06,217.4311923
2007-04-30,7.68,83417,5.38,266540,2007,25707969,18388458,12.309341035190393,302324,215362,1547940,1530382,95.97,90.59,93.33,91.07,92.37,86.79,92.24,118.77,116.87,528173,261457,33.145,118.87,5.25,8867,701044,647525,125221,114033,45149,42137,509153,441909,104564,93785,3297423,3194285,871338,803695,38447,47414,1978761,2312572,3267652,2078102,2468095,3401987,3288070,0.05162104911336469,0.03717534793676926,96.65145692796592,123.32301610008582,89.69148081557707,867978,37022567,-45410595,97.82524798,78.91652356137463,NA,116,2.875,2.26,1.73,4.87,3.996,37875992,10245,10653,3.83,18882492,40448633,59167280,71.24,98.8657183094952,10256,3297423,321.51160296411854,96.87,67.5047619,22891.176,NA,NA,7991.85,77.49000000000001,4297374,0.3139207843055898,20360.874,2312572,0.8804428143210243,979751862,2116356,0.932895422,6138497.119470818,111.16,43764,NA,490082135.682686,110.48,217.4311923
2007-05-31,6.92,81888,4.64,265699,2007,25659685,20449998,NA,NA,NA,NA,NA,96.06,90.63,NA,NA,NA,NA,NA,NA,NA,NA,260668,33.26,120.73,5.25,NA,NA,NA,NA,NA,NA,NA,NA,NA,NA,NA,NA,NA,NA,NA,NA,NA,NA,NA,NA,NA,NA,NA,NA,NA,NA,NA,NA,NA,NA,37022567,-45410595,NA,NA,NA,NA,2.875,2.26,2.13,4.73,4.002,37875992,10260,10673,3.87,18902542,200640607,83561543,NA,NA,NA,NA,NA,NA,67.47652174,NA,NA,NA,8086.96,78.25,4297374,0.3139207843055898,NA,NA,NA,1043484521,2105191,0.932895422,6138497.119470818,111.16,41684,NA,509048207.5721016,111.85,217.4311923
2007-06-30,5.67,83403,4.53,266052,2007,25927420,14953156,NA,NA,NA,NA,NA,95.96,90.63,NA,NA,NA,NA,NA,NA,NA,NA,262568,32.932,122.62,5.25,NA,NA,NA,NA,NA,NA,NA,NA,NA,NA,NA,NA,NA,NA,NA,NA,NA,NA,NA,NA,NA,NA,NA,NA,NA,NA,NA,NA,NA,NA,37022567,-45410595,NA,NA,94,NA,3.125,2.47,2.5,4.61,4.056,37875992,10262,10685,3.96,18894415,259004766,24697805,NA,NA,NA,NA,NA,NA,71.31714286,NA,NA,NA,8579.58,81.13,4297374,0.3139207843055898,NA,NA,NA,1019140920,2968904,0.932895422,6138497.119470818,111.16,43028,NA,535482350.08768785,111.9,217.4311923
2007-07-31,4.93,84100,4.55,266287,2007,25896125,15704714,13.202496769780344,315249,238551,1631822,1617979,95.75,90.63,94.04,91.6,93.15,88.58,92.96,119.79,117.87,535295,262071,32.789,121.59,5.26,13305,718882,669604,136218,124771,53753,50551,548496,485865,32168,29549,3535273,3453398,908878,844926,3633,1822,2050379,2416704,3405015,2237999,2680959,3567441,3482947,0.0721320861775999,0.04863451859163483,97.63152354867256,50.151390035783095,91.85836856503357,998347,37022567,-45410595,97.34218684,79.7540645243171,NA,116.7,3.125,2.47,2.01,4.82,4.227,37875992,10321,10754,4.03,18955684,30219271,79674328,75.67,99.15168443617011,10328,3535273,342.29986444616577,97.68,77.205,22913.604,NA,NA,9358.13,81.47,4297374,0.3139207843055898,20408.534,2416704,0.8444780163396096,1060603826,4950474,0.932895422,6138497.119470818,111.16,8106,NA,528558846.52217346,112.03,217.4311923
2007-08-31,5.23,83267,4.16,261372,2007,25773169,15306688,NA,NA,NA,NA,NA,95.54,90.8,NA,NA,NA,NA,NA,NA,NA,NA,261363,32.952,116.72,5.02,NA,NA,NA,NA,NA,NA,NA,NA,NA,NA,NA,NA,NA,NA,NA,NA,NA,NA,NA,NA,NA,NA,NA,NA,NA,NA,NA,NA,NA,NA,37022567,-45410595,NA,NA,NA,NA,3.125,2.47,2.01,4.2,4.307,37875992,10353,10795,4.09,18958605,68751501,29213168,NA,NA,NA,NA,NA,NA,70.79695652,NA,NA,NA,8756.78,82.17999999999999,4297374,0.3139207843055898,NA,NA,NA,1075194947,3541403,0.932895422,6138497.119470818,111.16,102849,NA,559737705.1119357,112.89,217.4311923
2007-09-30,4.5,83771,3.38,262938,2007,25983642,11932462,NA,NA,NA,NA,NA,95.48,91.07,NA,NA,NA,NA,NA,NA,NA,NA,260855,32.984,115.02,4.94,NA,NA,NA,NA,NA,NA,NA,NA,NA,NA,NA,NA,NA,NA,NA,NA,NA,NA,NA,NA,NA,NA,NA,NA,NA,NA,NA,NA,NA,NA,37022567,-45410595,NA,NA,93.9,NA,3.25,2.54,2.02,3.89,4.331,37875992,10310,10739,3.99,19046243,114530569,70534936,NA,NA,NA,NA,NA,NA,77.1285,NA,NA,NA,9069.11,82.77,4297374,0.3139207843055898,NA,NA,NA,1054284792,2472719,0.932895422,6138497.119470818,111.16,101452,NA,537833547.57561,114.17,217.4311923
2007-10-31,2.94,83404,3.13,265924,2007,25920521,13584172,14.9481834764764,295731,240471,1598719,1593118,96.4,91.86,95.03,93.7,94.26,88.41,94.39,119.19,120.36,542624,261214,32.552,115.74,4.76,5754,646445,609337,170219,159490,77236,73396,579557,512403,79003,73699,3650481,3551498,892302,842223,8932,10310,1993889,2399861,3369100,2309596,2752834,3729484,3625197,0.0325881480722988,0.045422755414875816,97.20371504476223,115.42767577250336,93.28633089882663,1047031,37022567,-45410595,97.79652082,80.55790412068205,NA,119.3,3.25,NA,NA,3.9,4.303,37875992,10320,10741,3.92,19012605,102148795,26054060,81.31,99.64965700664095,10350,3650481,352.7034782608696,97.29,82.83173913,22941.836,NA,NA,9605.19,79.32,4297374,0.3139207843055898,21952.905,2399861,0.9147573546967929,1137642436,3489905,0.932895422,6138497.119470818,111.16,110074,NA,535199671.11989826,114.44,217.4311923
2007-11-30,2.98,80863,2.69,270090,2007,25876161,12392566,NA,NA,NA,NA,NA,96.48,92.12,NA,NA,NA,NA,NA,NA,NA,NA,260228,32.332,111.21,4.49,NA,NA,NA,NA,NA,NA,NA,NA,NA,NA,NA,NA,NA,NA,NA,NA,NA,NA,NA,NA,NA,NA,NA,NA,NA,NA,NA,NA,NA,NA,37022567,-45410595,NA,NA,NA,NA,3.25,2.54,2.04,3.27,4.319,37875992,10349,10766,3.87,19016007,82787632,78571421,NA,NA,NA,NA,NA,NA,92.52818182,NA,NA,NA,8799.7,78.69,4297374,0.3139207843055898,NA,NA,NA,1106580079,2904823,0.932895422,6138497.119470818,111.16,135504,NA,560885486.1817894,115.82,217.4311923
2007-12-31,3.11,82200,1.27,270311,2007,25969195,12738217,NA,NA,NA,NA,NA,96.44,92.25,NA,NA,NA,NA,NA,NA,NA,NA,260525,32.417,112.25,4.24,NA,NA,NA,NA,NA,NA,NA,NA,NA,NA,NA,NA,NA,NA,NA,NA,NA,NA,NA,NA,NA,NA,NA,NA,NA,NA,NA,NA,NA,NA,37022567,-45410595,NA,NA,NA,NA,3.375,2.62,2.05,3,4.313,37875992,10381,10795,3.83,19187183,63539848,27785967,NA,NA,NA,NA,NA,NA,91.52904762,NA,NA,NA,8309,83.83,4297374,0.3139207843055898,NA,NA,NA,1095872115,2192770,0.932895422,6138497.119470818,111.16,69900,NA,556300274.7436512,115.94,217.4311923
2008-01-31,2.73,83081,0.97,272818,2008,26112910,15267050,13.181880367865014,314430,236980,1595810,1607478,96.27,92.33,97.56,100.2,98.19,108.36,98.42,117.46,121.53,545481,263598,32.368,107.66,3.94,-535,648925,637176,104728,104935,50257,49031,486004,526616,173132,159388,3375756,3324515,803821,791142,25025,7132,2009332,2441870,3222705,2211046,2597037,3548888,3483903,-0.07525720583123155,-0.04842385702687021,98.16886303540716,28.499500499500503,92.06154841392694,856664,82338871,-111971511,98.04941651,80.39075807237785,94.2,123.8,3.375,2.62,2.09,2.75,4.326,39957272,10391,10802,3.8,19307703,49905242,74749351,75.37,100.73116473765673,10373,3375756,325.4368070953437,98.48,92.00652174,22968.58,NA,NA,7922.65,137.51,4374301,0.3259317250571347,20191.181,2441870,0.8268737074455234,1119024153,3057471,0.936931551,5575608.47560526,126.35,43737,NA,562764413.8795265,116.73,250.5009806
2008-01-31,2.73,83081,0.97,272818,2008,26112910,15267050,13.181880367865014,314430,236980,1595810,1607478,96.27,92.33,97.56,100.2,98.19,108.36,98.42,117.46,121.53,545481,263598,32.368,107.66,3.94,-535,648925,637176,104728,104935,50257,49031,486004,526616,173132,159388,3375756,3324515,803821,791142,25025,7132,2009332,2441870,3222705,2211046,2597037,3548888,3483903,-0.07525720583123155,-0.04842385702687021,98.16886303540716,28.499500499500503,92.06154841392694,856664,82338871,-111971511,98.04941651,80.39075807237785,94.2,123.8,3.375,2.5,1.93,2.75,4.326,39957272,10391,10802,3.8,19307703,49905242,74749351,75.37,100.73116473765673,10373,3375756,325.4368070953437,98.48,92.00652174,22968.58,NA,NA,7922.65,137.51,4374301,0.3259317250571347,20191.181,2441870,0.8268737074455234,1119024153,3057471,0.936931551,5575608.47560526,126.35,43737,NA,562764413.8795265,116.73,250.5009806
2008-02-29,1.37,82464,1.35,277838,2008,26418385,9964313,NA,NA,NA,NA,NA,97.29,93.26,NA,NA,NA,NA,NA,NA,NA,NA,265104,31.614,107.16,2.98,NA,NA,NA,NA,NA,NA,NA,NA,NA,NA,NA,NA,NA,NA,NA,NA,NA,NA,NA,NA,NA,NA,NA,NA,NA,NA,NA,NA,NA,NA,82338871,-111971511,NA,NA,NA,NA,3.375,2.62,2.08,2.12,4.342,39957272,10349,10773,3.94,19254291,38833894,15074824,NA,NA,NA,NA,NA,NA,94.81857143,NA,NA,NA,7999.48,118.67999999999999,4374301,0.3259317250571347,NA,NA,NA,944565563,1821327,0.936931551,5575608.47560526,126.35,47100,NA,564114618.5005964,116.07,250.5009806
2008-03-31,1.87,82441,1.68,286860,2008,26335209,16350274,NA,NA,NA,NA,NA,96.1,92.67,NA,NA,NA,NA,NA,NA,NA,NA,266884,30.604,100.79,2.61,NA,NA,NA,NA,NA,NA,NA,NA,NA,NA,NA,NA,NA,NA,NA,NA,NA,NA,NA,NA,NA,NA,NA,NA,NA,NA,NA,NA,NA,NA,82338871,-111971511,NA,NA,94.6,NA,3.5,2.62,2.08,1.26,4.35,39957272,10380,10797,3.86,19308403,48464902,76912872,NA,NA,NA,NA,NA,NA,103.1228571,NA,NA,NA,8439.59,78.69,4374301,0.3259317250571347,NA,NA,NA,1104884775,3195747,0.936931551,5575608.47560526,126.35,-5463,NA,544522902.1587754,115.83,250.5009806
2008-04-30,1.76,82333,2.05,289377,2008,26442477,14830291,14.956259025613742,297438,229553,1543819,1561797,97.04,93.56,97.12,102.26,98.64,88.76,99.2,116.53,124.22,549840,267793,30.35,102.49,2.28,-1033,615333,606987,123350,126137,46563,45224,517940,459718,50989,47788,3483881,3314490,784613,778348,51349,75262,2011991,2499259,3194893,2324794,2709071,3534870,3362278,0.03202986234787111,-0.003949969680643627,95.11744420586896,146.56955344797368,93.72217537115849,902051,82338871,-111971511,97.67724026,81.23889998618776,NA,126.1,3.5,2.66,2.11,1.29,4.392,39957272,10395,10807,3.81,19303450,43003929,59940059,77.18,101.1645147520532,10407,3483881,334.7632362832709,95.14,110.1886364,22986.531,NA,NA,8877.98,79.3,4374301,0.3259317250571347,20771.522,2499259,0.8311072201800613,1104885810,3295620,0.936931551,5575608.47560526,126.35,24668,NA,563492164.5837555,117.47,250.5009806
2008-05-31,1.83,81446,2.28,290070,2008,26564350,11088371,NA,NA,NA,NA,NA,97.04,93.72,NA,NA,NA,NA,NA,NA,NA,NA,267487,30.602,104.14,1.98,NA,NA,NA,NA,NA,NA,NA,NA,NA,NA,NA,NA,NA,NA,NA,NA,NA,NA,NA,NA,NA,NA,NA,NA,NA,NA,NA,NA,NA,NA,82338871,-111971511,NA,NA,NA,NA,3.5,2.66,2.1,1.73,4.392,39957272,10413,10829,3.84,19417229,160115547,88216364,NA,NA,NA,NA,NA,NA,123.4945455,NA,NA,NA,8910.21,81.11999999999999,4374301,0.3259317250571347,NA,NA,NA,1139384516,2949928,0.936931551,5575608.47560526,126.35,65046,NA,609024000.8699147,120.71,250.5009806
2008-06-30,2.51,79980,1.67,291405,2008,26154174,10288362,NA,NA,NA,NA,NA,97.2,94.17,NA,NA,NA,NA,NA,NA,NA,NA,267203,30.366,106.9,2,NA,NA,NA,NA,NA,NA,NA,NA,NA,NA,NA,NA,NA,NA,NA,NA,NA,NA,NA,NA,NA,NA,NA,NA,NA,NA,NA,NA,NA,NA,82338871,-111971511,NA,NA,95.1,NA,3.625,2.67,2.11,1.86,4.396,39957272,10414,10842,3.95,19529849,368244573,24576603,NA,NA,NA,NA,NA,NA,133.0485714,NA,NA,NA,8180,81.34,4374301,0.3259317250571347,NA,NA,NA,1131836313,2023239,0.936931551,5575608.47560526,126.35,42333,NA,656976492.1964395,122.92,250.5009806
2008-07-31,1.26,79126,1.48,290898,2008,26228500,8872753,15.668484456943073,306524,249531,1559797,1587732,97.41,94.52,98.42,102.46,99.68,89.84,100.16,117.26,129.93,553903,268323,30.407,106.81,2.01,6345,592244,590365,135836,139182,49148,48371,541393,486378,53167,50727,3486123,3242391,776663,777918,51576,70078,2045689,2657874,3236407,2326984,2728628,3539290,3293118,6.435351838940538e-4,0.001250399590366831,93.04459368969482,135.8732743911897,95.41068708033178,895842,82338871,-111971511,96.46512843,81.40118452182709,NA,124.9,3.625,2.72,2.17,1.63,4.404,39957272,10436,10878,4.06,19605679,4188034,77727993,81.41,101.79093817977596,10435,3486123,334.07982750359366,93.01,133.8991304,23001,NA,NA,7127.7,83.84,4374301,0.3259317250571347,20259.903,2657874,0.7622597233728912,1134256292,2203085,0.936931551,5575608.47560526,126.35,-16721,NA,740386930.8159217,124.84,250.5009806
2008-08-31,2.31,79576,2.19,282087,2008,26227506,9745694,NA,NA,NA,NA,NA,97.13,94.42,NA,NA,NA,NA,NA,NA,NA,NA,267897,31.191,109.28,2,NA,NA,NA,NA,NA,NA,NA,NA,NA,NA,NA,NA,NA,NA,NA,NA,NA,NA,NA,NA,NA,NA,NA,NA,NA,NA,NA,NA,NA,NA,82338871,-111971511,NA,NA,NA,NA,3.625,2.72,2.16,1.72,4.416,39957272,10464,10916,4.14,19610584,60064237,20500197,NA,NA,NA,NA,NA,NA,113.8504762,NA,NA,NA,7071.12,82.66999999999999,4374301,0.3259317250571347,NA,NA,NA,1081249521,1953762,0.936931551,5575608.47560526,126.35,-1210,NA,810080493.3659418,123.44,250.5009806
2008-09-30,5.59,80391,2.65,281130,2008,26532502,10380737,NA,NA,NA,NA,NA,96.95,94.29,NA,NA,NA,NA,NA,NA,NA,NA,269478,31.957,106.75,1.81,NA,NA,NA,NA,NA,NA,NA,NA,NA,NA,NA,NA,NA,NA,NA,NA,NA,NA,NA,NA,NA,NA,NA,NA,NA,NA,NA,NA,NA,NA,82338871,-111971511,NA,NA,94.9,NA,3.5,2.7,2.09,1.13,4.438,39957272,10405,10869,4.27,19740188,140194318,76661445,NA,NA,NA,NA,NA,NA,99.06454545,NA,NA,NA,6203.77,82.91000000000001,4374301,0.3259317250571347,NA,NA,NA,1009161137,1871785,0.936931551,5575608.47560526,126.35,27865,NA,819779729.2645199,121.14,250.5009806
2008-10-31,7.07,79450,4.25,278152,2008,26820139,9798531,16.853956069012693,285920,246047,1526311,1531233,97.66,94.78,102.88,99.65,99.79,90.02,100.22,111.23,117.17,556866,272969,32.689,100.33,0.97,-3136,450424,449483,178368,177750,72527,74613,597748,538106,50376,47913,3381808,3233700,700329,701846,54004,25921,1660957,1946094,3161765,1921005,2136641,3432184,3281613,-0.029922925840539762,-0.030262001700906115,95.6129683023987,47.99829642248722,95.11076703191996,840020,82338871,-111971511,94.11607899,79.8887163536581,NA,115.8,3,NA,NA,0.67,4.443,39957272,10424,10901,4.37,19835142,99861769,10448574,86.05,100.32247687397916,10396,3381808,325.2989611388996,95.62,72.8426087,23022.384,NA,NA,5043.05,77.8,4374301,0.3259317250571347,19203.099,1946094,0.9867508455398352,952743355,1246851,0.936931551,5575608.47560526,126.35,95742,NA,745385814.2284575,116.22,250.5009806
2008-11-30,5.79,78588,5.24,280685,2008,26865054,8502171,NA,NA,NA,NA,NA,97.54,94.58,NA,NA,NA,NA,NA,NA,NA,NA,274536,33.116,96.68,0.39,NA,NA,NA,NA,NA,NA,NA,NA,NA,NA,NA,NA,NA,NA,NA,NA,NA,NA,NA,NA,NA,NA,NA,NA,NA,NA,NA,NA,NA,NA,82338871,-111971511,NA,NA,NA,NA,2.75,2.17,1.41,0.19,4.295,39957272,10410,10917,4.64,19834449,66322374,67973076,NA,NA,NA,NA,NA,NA,53.2415,NA,NA,NA,4509.53,73.11,4374301,0.3259317250571347,NA,NA,NA,733474416,1113830,0.936931551,5575608.47560526,126.35,50083,NA,637194250.5824196,109.18,250.5009806
2008-12-31,6.49,81537,6.73,291707,2008,27116649,10420971,NA,NA,NA,NA,NA,97.16,94.39,NA,NA,NA,NA,NA,NA,NA,NA,278702,33.146,91.32,0.16,NA,NA,NA,NA,NA,NA,NA,NA,NA,NA,NA,NA,NA,NA,NA,NA,NA,NA,NA,NA,NA,NA,NA,NA,NA,NA,NA,NA,NA,NA,82338871,-111971511,NA,NA,NA,NA,2,1.42,0.87,0.03,4.205,39957272,10354,10903,5.03,19722367,66215994,22242111,NA,NA,NA,NA,NA,NA,41.25304348,NA,NA,NA,4496.38,79.41000000000001,4374301,0.3259317250571347,NA,NA,NA,698818544,1382764,0.936931551,5575608.47560526,126.35,60170,NA,523218193.40434045,104.74,250.5009806
2009-01-31,13.83,84834,7.47,292676,2009,26915998,6820057,14.057003876263586,314880,241377,1529375,1527749,97.69,94.85,104.37,100.2,100.16,110.23,100.46,109.66,111.37,560020,278971,33.33,90.48,0.15,613,452504,453220,121875,122122,38998,40702,502890,554354,140815,129605,3109895,3107886,613242,616044,-130795,-117526,1364311,1519431,2821847,1646334,1805319,3250710,3237491,-0.08040462379886736,-0.052874204879458674,99.59335037576406,89.85511678580986,92.03920036927884,732099,89059353,-557253924,89.61891543,78.98337759106863,96,115.5,1.5,0.92,0.23,0.13,3.91,41683696,10303,10881,5.31,19592746,31567803,42558205,76.66,99.8936820596649,10249,3109895,303.43399356034735,99.94,44.71909091,23047.791,NA,NA,4475.14,132.07,4742831,0.35602020237050497,15142.887,1519431,0.9966156409866589,591217643,846025,0.92485255,5085342.297286833,108.8,111775,NA,472766349.61993295,104.07,194.6961286
2009-01-31,13.83,84834,7.47,292676,2009,26915998,6820057,14.057003876263586,314880,241377,1529375,1527749,97.69,94.85,104.37,100.2,100.16,110.23,100.46,109.66,111.37,560020,278971,33.33,90.48,0.15,613,452504,453220,121875,122122,38998,40702,502890,554354,140815,129605,3109895,3107886,613242,616044,-130795,-117526,1364311,1519431,2821847,1646334,1805319,3250710,3237491,-0.08040462379886736,-0.052874204879458674,99.59335037576406,89.85511678580986,92.03920036927884,732099,89059353,-557253924,89.61891543,78.98337759106863,96,115.5,1.5,0.89,0.1,0.13,3.91,41683696,10303,10881,5.31,19592746,31567803,42558205,76.66,99.8936820596649,10249,3109895,303.43399356034735,99.94,44.71909091,23047.791,NA,NA,4475.14,132.07,4742831,0.35602020237050497,15142.887,1519431,0.9966156409866589,591217643,846025,0.92485255,5085342.297286833,108.8,111775,NA,472766349.61993295,104.07,194.6961286
2009-02-28,7.38,85317,6.54,294187,2009,27338276,8052631,NA,NA,NA,NA,NA,96.18,93.76,NA,NA,NA,NA,NA,NA,NA,NA,282036,34.277,92.5,0.22,NA,NA,NA,NA,NA,NA,NA,NA,NA,NA,NA,NA,NA,NA,NA,NA,NA,NA,NA,NA,NA,NA,NA,NA,NA,NA,NA,NA,NA,NA,89059353,-557253924,NA,NA,NA,NA,1.25,0.77,0.14,0.3,3.162,41683696,10224,10848,5.75,19366782,39942925,32580949,NA,NA,NA,NA,NA,NA,43.2425,NA,NA,NA,4476.87,71.48,4742831,0.35602020237050497,NA,NA,NA,648040895,1309128,0.92485255,5085342.297286833,108.8,57426,NA,426624843.73078346,105.23,194.6961286
2009-03-31,9.61,88437,6.79,300122,2009,27133820,9740889,NA,NA,NA,NA,NA,95.98,93.53,NA,NA,NA,NA,NA,NA,NA,NA,284526,34.34,98.16,0.18,NA,NA,NA,NA,NA,NA,NA,NA,NA,NA,NA,NA,NA,NA,NA,NA,NA,NA,NA,NA,NA,NA,NA,NA,NA,NA,NA,NA,NA,NA,89059353,-557253924,NA,NA,96.3,NA,1.25,0.77,0.14,0.21,3.162,41683696,10220,10850,5.81,19323118,33548828,65292931,NA,NA,NA,NA,NA,NA,46.83909091,NA,NA,NA,4925.88,70.42,4742831,0.35602020237050497,NA,NA,NA,752231877,2309601,0.92485255,5085342.297286833,108.8,113019,NA,410924670.3075323,105.05,194.6961286
2009-04-30,13.09,90629,7.17,304659,2009,27620546,7961833,15.935585619822147,296494,229465,1508258,1504620,96.72,94.03,101.51,95.49,97.19,87.53,97.1,107.62,110.86,560247,285939,33.695,99,0.15,-3006,449927,437280,144908,138369,48874,49610,530294,464167,95041,88023,3277642,3102866,643934,625259,6893,5823,1632669,1809911,2982226,1936007,2083443,3372683,3190889,0.05393976323959491,0.037521956741757956,94.60981064630147,84.47700565791382,92.61581843625383,787548,89059353,-557253924,91.49747791,78.75458470891576,NA,117.8,1.25,0.77,0.13,0.16,2.659,41683696,10226,10851,5.76,19303311,37903599,53342367,77.39,99.75879458288966,10237,3277642,320.17602813324214,94.67,50.98318182,23063.948,NA,NA,5724.36,72.81,4742831,0.35602020237050497,15910.119,1809911,0.8790553237148125,788939271,3132239,0.92485255,5085342.297286833,108.8,68158,NA,390374870.99238414,104.38,194.6961286
2009-05-31,13.87,93068,7.74,312642,2009,28007804,7704161,NA,NA,NA,NA,NA,96.6,93.91,NA,NA,NA,NA,NA,NA,NA,NA,287323,32.907,96.3,0.18,NA,NA,NA,NA,NA,NA,NA,NA,NA,NA,NA,NA,NA,NA,NA,NA,NA,NA,NA,NA,NA,NA,NA,NA,NA,NA,NA,NA,NA,NA,89059353,-557253924,NA,NA,NA,NA,1.25,0.77,0.1,0.18,2.639,41683696,10241,10874,5.82,19280231,122171661,71064975,NA,NA,NA,NA,NA,NA,57.94142857,NA,NA,NA,6586.3,75.31,4742831,0.35602020237050497,NA,NA,NA,782194647,3459420,0.92485255,5085342.297286833,108.8,103240,NA,393433492.6396983,104.41,194.6961286
2009-06-30,13.27,94332,8.48,317564,2009,27695985,8530046,NA,NA,NA,NA,NA,96.38,93.67,NA,NA,NA,NA,NA,NA,NA,NA,287886,32.792,96.52,0.21,NA,NA,NA,NA,NA,NA,NA,NA,NA,NA,NA,NA,NA,NA,NA,NA,NA,NA,NA,NA,NA,NA,NA,NA,NA,NA,NA,NA,NA,NA,89059353,-557253924,NA,NA,96.9,NA,1.25,0.77,0.1,0.18,2.639,41683696,10244,10891,5.94,19309823,301632880,26335569,NA,NA,NA,NA,NA,NA,68.61681818,NA,NA,NA,6495.99,73.47,4742831,0.35602020237050497,NA,NA,NA,863173398,2845151,0.92485255,5085342.297286833,108.8,54221,NA,380385278.4629937,106.08,194.6961286
2009-07-31,14.34,96043,8.58,321094,2009,27705265,8301743,17.07207190088926,309861,253055,1570366,1568838,96.42,93.71,102.5,96.22,99.34,90.11,98.86,109.4,115.03,562216,288781,32.92,94.5,0.16,-6456,528099,524624,161535,155437,50327,51583,563307,507597,69488,65276,3446617,3265332,740052,731644,-51963,-56993,1841252,2118035,3128559,2174758,2379226,3516105,3330608,0.05155383046714681,0.04252460133371562,94.72436118944115,109.67996459018919,93.93852175915266,874873,89059353,-557253924,91.54200984,79.12475103780744,NA,117.9,1.25,0.77,0.1,0.18,2.615,41683696,10258,10922,6.07,19337258,-5327291,70649881,81.67,99.9026978424138,10274,3446617,335.46982674712865,94.74,64.91,23077.893,NA,NA,6834.54,77.85,4742831,0.35602020237050497,17664.695,2118035,0.8340133661625044,913229529,3032338,0.92485255,5085342.297286833,108.8,59837,NA,375883675.8332117,107.38,194.6961286
2009-08-31,12.75,97398,8.35,325417,2009,28200663,7675230,NA,NA,NA,NA,NA,96.28,93.72,NA,NA,NA,NA,NA,NA,NA,NA,288138,32.883,94.84,0.16,NA,NA,NA,NA,NA,NA,NA,NA,NA,NA,NA,NA,NA,NA,NA,NA,NA,NA,NA,NA,NA,NA,NA,NA,NA,NA,NA,NA,NA,NA,89059353,-557253924,NA,NA,NA,NA,1.25,0.77,0.1,0.17,2.615,41683696,10285,10957,6.13,19430409,54110067,18205505,NA,NA,NA,NA,NA,NA,72.5047619,NA,NA,NA,6855.82,74.99000000000001,4742831,0.35602020237050497,NA,NA,NA,897494920,2096284,0.92485255,5085342.297286833,108.8,61473,NA,391036025.5183263,109.84,194.6961286
2009-09-30,10.03,98332,8.42,332239,2009,28510680,8702783,NA,NA,NA,NA,NA,95.97,93.44,NA,NA,NA,NA,NA,NA,NA,NA,289496,32.588,91.49,0.15,NA,NA,NA,NA,NA,NA,NA,NA,NA,NA,NA,NA,NA,NA,NA,NA,NA,NA,NA,NA,NA,NA,NA,NA,NA,NA,NA,NA,NA,NA,89059353,-557253924,NA,NA,97.2,NA,1.25,0.77,0.1,0.12,2.615,41683696,10278,10939,6.04,19488543,135403471,69996605,NA,NA,NA,NA,NA,NA,67.68727273,NA,NA,NA,7321.12,78.28,4742831,0.35602020237050497,NA,NA,NA,927338278,2640405,0.92485255,5085342.297286833,108.8,82933,NA,417969378.58839923,109.67,194.6961286
2009-10-31,9.7,101536,7.37,341222,2009,28511487,9206929,19.158242760507715,294080,240568,1603818,1596905,96.83,93.99,103.8,96.71,99.59,89.22,99.28,108.21,115,566225,291305,32.33,90.29,0.12,-4639,520181,518046,189564,183326,85500,88753,615948,549555,127588,119454,3671994,3443361,795836,790125,-3151,-14051,1899474,2184351,3301210,2277513,2464610,3799582,3562815,0.06539078754616483,0.08062245012592059,93.76860402012642,445.9219295461758,93.62479230021631,959149,89059353,-557253924,92.79410755,80.26445750971402,NA,119.7,1.25,NA,NA,0.07,2.611,41683696,10310,10963,5.96,19402584,63261948,17884048,81.8,99.56896605475185,10354,3671994,354.6449681282596,93.77,73.19409091,23103.107,NA,NA,7588.72,76.96000000000001,4742831,0.35602020237050497,20109.731,2184351,0.9206272709834638,938054049,2779022,0.92485255,5085342.297286833,108.8,101400,NA,425545469.7214979,109.04,194.6961286
2009-11-30,10.69,102563,6.64,347190,2009,28567681,7303787,NA,NA,NA,NA,NA,96.74,93.82,NA,NA,NA,NA,NA,NA,NA,NA,291677,32.337,89.19,0.12,NA,NA,NA,NA,NA,NA,NA,NA,NA,NA,NA,NA,NA,NA,NA,NA,NA,NA,NA,NA,NA,NA,NA,NA,NA,NA,NA,NA,NA,NA,89059353,-557253924,NA,NA,NA,NA,1.25,0.89,0.1,0.05,2.579,41683696,10369,11014,5.86,19523910,71966498,74536187,NA,NA,NA,NA,NA,NA,77.03666667,NA,NA,NA,7611.73,75.69,4742831,0.35602020237050497,NA,NA,NA,949858459,2284017,0.92485255,5085342.297286833,108.8,64787,NA,453636451.18477565,110.35,194.6961286
2009-12-31,10.58,105116,5.95,348198,2009,28963755,7547396,NA,NA,NA,NA,NA,96.57,93.74,NA,NA,NA,NA,NA,NA,NA,NA,294486,32.279,89.56,0.12,NA,NA,NA,NA,NA,NA,NA,NA,NA,NA,NA,NA,NA,NA,NA,NA,NA,NA,NA,NA,NA,NA,NA,NA,NA,NA,NA,NA,NA,NA,89059353,-557253924,NA,NA,NA,NA,1.25,0.89,0.11,0.05,2.563,41683696,10384,11016,5.74,19788845,68596792,33055787,NA,NA,NA,NA,NA,NA,74.7,NA,NA,NA,7836.69,84.53,4742831,0.35602020237050497,NA,NA,NA,1022587556,2946840,0.92485255,5085342.297286833,108.8,51426,NA,429332731.26790214,110.78,194.6961286
2010-01-31,1.93,105347,5.34,350711,2010,29197474,8806264,16.62637759367637,320645,250491,1583025,1588795,96.49,93.82,103.33,101.05,100.41,110.37,100.63,111.65,116.52,568290,296398,31.896,91.16,0.11,-2394,604876,607360,109069,110209,37940,39205,512397,565523,168385,156940,3469061,3411644,752064,756774,73796,61952,2015346,2348321,3241952,2271859,2536430,3637446,3568584,-0.05526506851590716,-0.042672062347910905,98.10685849356939,83.95034961244512,93.20307628351694,933993,85804538,-451250544,93.59633995,80.77655696287476,97.8,121.2,1.25,0.89,0.11,0.06,2.564,43464320,10388,11014,5.68,19841709,43446512,69831418,78.12,100.36449203265899,10382,3469061,334.14188017722984,98.34,76.41238095,23125.433,NA,NA,8098.58,112.49000000000001,5186842,0.3583048149841877,19291.842,2348321,0.8215163940534534,987740059,2982779,0.988244712,6229313.3348187,122.04,75345,NA,415538357.47716147,111.15,237.2655143
2010-01-31,1.93,105347,5.34,350711,2010,29197474,8806264,16.62637759367637,320645,250491,1583025,1588795,96.49,93.82,103.33,101.05,100.41,110.37,100.63,111.65,116.52,568290,296398,31.896,91.16,0.11,-2394,604876,607360,109069,110209,37940,39205,512397,565523,168385,156940,3469061,3411644,752064,756774,73796,61952,2015346,2348321,3241952,2271859,2536430,3637446,3568584,-0.05526506851590716,-0.042672062347910905,98.10685849356939,83.95034961244512,93.20307628351694,933993,85804538,-451250544,93.59633995,80.77655696287476,97.8,121.2,1.25,1.13,0.23,0.06,2.564,43464320,10388,11014,5.68,19841709,43446512,69831418,78.12,100.36449203265899,10382,3469061,334.14188017722984,98.34,76.41238095,23125.433,NA,NA,8098.58,112.49000000000001,5186842,0.3583048149841877,19291.842,2348321,0.8215163940534534,987740059,2982779,0.988244712,6229313.3348187,122.04,75345,NA,415538357.47716147,111.15,237.2655143
2010-02-28,7.4,105985,4.9,352729,2010,29069364,4921203,NA,NA,NA,NA,NA,97.69,94.91,NA,NA,NA,NA,NA,NA,NA,NA,295297,32.094,90.28,0.13,NA,NA,NA,NA,NA,NA,NA,NA,NA,NA,NA,NA,NA,NA,NA,NA,NA,NA,NA,NA,NA,NA,NA,NA,NA,NA,NA,NA,NA,NA,85804538,-451250544,NA,NA,NA,NA,1.25,0.89,0.1,0.11,2.564,43464320,10373,11007,5.76,19838117,36175885,-5670483,NA,NA,NA,NA,NA,NA,74.312,NA,NA,NA,7431.71,130.14,5186842,0.3583048149841877,NA,NA,NA,842388852,1306703,0.988244712,6229313.3348187,122.04,25035,NA,445723153.3670105,111.65,237.2655143
2010-03-31,6.32,105269,4.44,355035,2010,29088871,9152429,NA,NA,NA,NA,NA,96.29,93.75,NA,NA,NA,NA,NA,NA,NA,NA,295801,31.877,90.52,0.16,NA,NA,NA,NA,NA,NA,NA,NA,NA,NA,NA,NA,NA,NA,NA,NA,NA,NA,NA,NA,NA,NA,NA,NA,NA,NA,NA,NA,NA,NA,85804538,-451250544,NA,NA,98.1,NA,1.25,0.89,0.13,0.15,2.564,43464320,10384,11008,5.67,19787733,50343359,101175558,NA,NA,NA,NA,NA,NA,79.27478261,NA,NA,NA,7775.16,78.07,5186842,0.3583048149841877,NA,NA,NA,1079360975,2325402,0.988244712,6229313.3348187,122.04,37338,NA,447247833.6419671,112.26,237.2655143
2010-04-30,2.62,106383,3.99,357557,2010,29289038,9360430,18.877289655696586,301885,237328,1580580,1584344,97.08,94.4,101.98,98.55,99.08,88.39,99.17,111.78,118.09,571797,296906,31.519,93.38,0.2,-5859,591985,586519,150931,148741,61641,62860,544612,481404,110317,103301,3671620,3467834,804798,798120,74009,76804,2217229,2618376,3308231,2601614,2908210,3781937,3571135,0.058390152263105205,0.03972320138910653,94.42608377664673,103.7765677147374,93.64014612435074,1021231,85804538,-451250544,94.8658674,81.90001632529973,NA,122.2,1.25,0.89,0.16,0.16,2.568,43464320,10414,11007,5.39,19894437,38646501,59106796,78.62,100.23814042946259,10452,3671620,351.2839647914275,94.45,84.92863636,23134.737,NA,NA,8052.45,78.16999999999999,5186842,0.3583048149841877,22718.937,2618376,0.8676728246821694,1097138744,2569256,0.988244712,6229313.3348187,122.04,66796,NA,435376353.8901807,113.84,237.2655143
2010-05-31,3.58,105297,3.38,360123,2010,29981874,10071881,NA,NA,NA,NA,NA,96.91,94.27,NA,NA,NA,NA,NA,NA,NA,NA,297534,31.962,91.77,0.2,NA,NA,NA,NA,NA,NA,NA,NA,NA,NA,NA,NA,NA,NA,NA,NA,NA,NA,NA,NA,NA,NA,NA,NA,NA,NA,NA,NA,NA,NA,85804538,-451250544,NA,NA,NA,NA,1.25,0.89,0.17,0.16,2.568,43464320,10459,11026,5.14,20115640,179707841,90355673,NA,NA,NA,NA,NA,NA,76.25095238,NA,NA,NA,7525.68,78.81,5186842,0.3583048149841877,NA,NA,NA,1094768597,1984951,0.988244712,6229313.3348187,122.04,94938,NA,500039558.0140742,114.24,237.2655143
2010-06-30,4.49,106447,3.67,362378,2010,29754167,9044023,NA,NA,NA,NA,NA,97.02,94.43,NA,NA,NA,NA,NA,NA,NA,NA,298171,32.307,90.92,0.18,NA,NA,NA,NA,NA,NA,NA,NA,NA,NA,NA,NA,NA,NA,NA,NA,NA,NA,NA,NA,NA,NA,NA,NA,NA,NA,NA,NA,NA,NA,85804538,-451250544,NA,NA,98.6,NA,1.375,1.02,0.18,0.12,2.568,43464320,10483,11053,5.16,20208566,208179124,27156318,NA,NA,NA,NA,NA,NA,74.83818182,NA,NA,NA,7383.42,83.16,5186842,0.3583048149841877,NA,NA,NA,1100738652,1674137,0.988244712,6229313.3348187,122.04,45230,NA,528945027.156101,113.54,237.2655143
2010-07-31,6.24,107846,4.03,370108,2010,30041714,10071834,20.134529147982065,318051,256263,1647644,1657602,97.15,94.53,105.45,97.94,100.85,90.21,100.63,109.71,118.11,577095,300254,32.173,87.71,0.18,2806,686918,692763,151381,148270,49417,52108,571154,515221,82459,77741,3844371,3604351,887590,893141,46988,43906,2261011,2670407,3474824,2651205,2908625,3926830,3682092,0.04705034834759588,0.038311849192622725,93.76754277623427,93.44087852217588,94.27836864381086,1055840,85804538,-451250544,96.57792845,82.74402650204794,NA,123.7,1.375,1.02,0.2,0.16,2.592,43464320,10538,11116,5.2,20363395,-3867299,77460741,80.57,100.60437813022716,10546,3844371,364.53356722928123,93.76,74.73545455,23142.236,NA,NA,7638.86,83.43,5186842,0.3583048149841877,22127.129,2670407,0.8286051152502222,1117629056,2235850,0.988244712,6229313.3348187,122.04,63231,NA,541906901.2661238,113.09,237.2655143
2010-08-31,7.23,109331,4.6,372063,2010,30095931,10498671,NA,NA,NA,NA,NA,96.77,94.2,NA,NA,NA,NA,NA,NA,NA,NA,301215,31.948,85.47,0.19,NA,NA,NA,NA,NA,NA,NA,NA,NA,NA,NA,NA,NA,NA,NA,NA,NA,NA,NA,NA,NA,NA,NA,NA,NA,NA,NA,NA,NA,NA,85804538,-451250544,NA,NA,NA,NA,1.375,1.02,0.2,0.16,2.628,43464320,10570,11146,5.17,20541581,68209546,28763067,NA,NA,NA,NA,NA,NA,76.69318182,NA,NA,NA,7883.91,81.29,5186842,0.3583048149841877,NA,NA,NA,1101596946,2725318,0.988244712,6229313.3348187,122.04,70438,NA,546571569.9671708,113.5,237.2655143
2010-09-30,6.8,109923,4.67,380505,2010,30192937,8451113,NA,NA,NA,NA,NA,96.65,94.22,NA,NA,NA,NA,NA,NA,NA,NA,302829,31.778,84.39,0.19,NA,NA,NA,NA,NA,NA,NA,NA,NA,NA,NA,NA,NA,NA,NA,NA,NA,NA,NA,NA,NA,NA,NA,NA,NA,NA,NA,NA,NA,NA,85804538,-451250544,NA,NA,99,NA,1.375,1.02,0.21,0.15,2.628,43464320,10531,11091,5.05,20554034,100230727,80555128,NA,NA,NA,NA,NA,NA,77.78681818,NA,NA,NA,8039.5,83.71000000000001,5186842,0.3583048149841877,NA,NA,NA,1072441241,2630214,0.988244712,6229313.3348187,122.04,56993,NA,543792132.0249672,113.81,237.2655143
2010-10-31,6.45,110508,4.86,383835,2010,30510732,8683499,22.669871551265487,296265,248075,1654919,1658104,97.27,94.64,104.14,98.94,100.1,91.69,100.15,104.17,115.71,583158,305007,30.96,81.87,0.19,5786,600244,600820,187868,185883,91546,95336,610238,559505,82022,77733,3904860,3576516,880720,882039,18828,14730,2273283,2630412,3459660,2730711,2844475,3986882,3654249,0.015734433539322818,0.01529274249203556,91.65681351993864,78.23454429572976,94.77091512033357,1010259,85804538,-451250544,95.78200249,83.6270330337728,NA,127.5,1.5,NA,NA,0.13,2.648,43464320,10560,11106,4.92,20650389,76954883,17236767,83.73,100.19245654923293,10593,3904860,368.6264514301898,91.59,82.91809524,23154.107,NA,NA,8210.01,80.02,5186842,0.3583048149841877,25346.32,2630412,0.9635874532202559,1082893391,2387011,0.988244712,6229313.3348187,122.04,91735,NA,527524166.07085925,113.04,237.2655143
2010-11-30,6.23,111575,5.26,379257,2010,30484039,9003125,NA,NA,NA,NA,NA,97.46,94.82,NA,NA,NA,NA,NA,NA,NA,NA,306383,30.706,82.48,0.19,NA,NA,NA,NA,NA,NA,NA,NA,NA,NA,NA,NA,NA,NA,NA,NA,NA,NA,NA,NA,NA,NA,NA,NA,NA,NA,NA,NA,NA,NA,85804538,-451250544,NA,NA,NA,NA,1.5,1.13,0.23,0.14,2.672,43464320,10605,11132,4.73,20733556,73203301,88664053,NA,NA,NA,NA,NA,NA,85.67,NA,NA,NA,8350.26,78.47,5186842,0.3583048149841877,NA,NA,NA,1110405516,2324257,0.988244712,6229313.3348187,122.04,12528,NA,543535361.7110825,113.03,237.2655143
2010-12-31,5.98,114571,5.25,382005,2010,30879931,8253557,NA,NA,NA,NA,NA,97.32,94.77,NA,NA,NA,NA,NA,NA,NA,NA,310063,30.549,83.43,0.18,NA,NA,NA,NA,NA,NA,NA,NA,NA,NA,NA,NA,NA,NA,NA,NA,NA,NA,NA,NA,NA,NA,NA,NA,NA,NA,NA,NA,NA,NA,85804538,-451250544,NA,NA,NA,NA,1.625,1.13,0.24,0.14,2.676,43464320,10613,11133,4.67,21033957,76983415,39395239,NA,NA,NA,NA,NA,NA,91.79652174,NA,NA,NA,8777.11,87.49000000000001,5186842,0.3583048149841877,NA,NA,NA,1157021658,3072799,0.988244712,6229313.3348187,122.04,44179,NA,553512804.8762221,113.37,237.2655143
2011-01-31,9.68,116911,5.63,387111,2011,30767138,8842162,19.850649844189405,322874,258719,1667666,1679292,97.11,94.83,103.68,102.93,101.27,109.76,101.63,108.38,117.56,585983,310927,29.613,82.61,0.17,3881,681378,690016,108406,111584,32897,34107,526783,578175,164552,155355,3702259,3552329,822339,835707,51187,36332,2175586,2557644,3390984,2511386,2721748,3866811,3707684,-0.051884318515900696,-0.030116517117888115,95.88480016220085,70.97895950143591,94.41088531284943,1037778,90033732,-306773955,94.44637356,83.87386728572488,99.8,132.7,1.625,1.19,0.26,0.15,2.688,45399844,10623,11140,4.64,21381883,43702940,71585963,80.13,100.6971419936606,10618,3702259,348.6776229045018,95.95,96.2947619,23164.001,NA,NA,8970.76,161.93,5468503,0.37367693598337115,21917.387,2557644,0.8569365791329833,1142370426,2621305,1,6784146.529353884,140.82,44447,NA,561250220.104538,113.35,284.5205856
2011-01-31,9.68,116911,5.63,387111,2011,30767138,8842162,19.850649844189405,322874,258719,1667666,1679292,97.11,94.83,103.68,102.93,101.27,109.76,101.63,108.38,117.56,585983,310927,29.613,82.61,0.17,3881,681378,690016,108406,111584,32897,34107,526783,578175,164552,155355,3702259,3552329,822339,835707,51187,36332,2175586,2557644,3390984,2511386,2721748,3866811,3707684,-0.051884318515900696,-0.030116517117888115,95.88480016220085,70.97895950143591,94.41088531284943,1037778,90033732,-306773955,94.44637356,83.87386728572488,99.8,132.7,1.625,1.36,0.4,0.15,2.688,45399844,10623,11140,4.64,21381883,43702940,71585963,80.13,100.6971419936606,10618,3702259,348.6776229045018,95.95,96.2947619,23164.001,NA,NA,8970.76,161.93,5468503,0.37367693598337115,21917.387,2557644,0.8569365791329833,1142370426,2621305,1,6784146.529353884,140.82,44447,NA,561250220.104538,113.35,284.5205856
2011-02-28,7.44,115560,6.24,390690,2011,31127544,6475764,NA,NA,NA,NA,NA,98.18,95.79,NA,NA,NA,NA,NA,NA,NA,NA,312403,29.394,82.5,0.16,NA,NA,NA,NA,NA,NA,NA,NA,NA,NA,NA,NA,NA,NA,NA,NA,NA,NA,NA,NA,NA,NA,NA,NA,NA,NA,NA,NA,NA,NA,90033732,-306773955,NA,NA,NA,NA,1.625,1.19,0.26,0.13,2.718,45399844,10601,11123,4.69,21402487,42517491,14085684,NA,NA,NA,NA,NA,NA,103.955,NA,NA,NA,8742.56,97.93,5468503,0.37367693598337115,NA,NA,NA,947845729,1908629,1,6784146.529353884,140.82,18751,NA,620159118.9544708,115.96,284.5205856
2011-03-31,6.78,114837,6.02,392626,2011,30934972,9632584,NA,NA,NA,NA,NA,96.99,94.79,NA,NA,NA,NA,NA,NA,NA,NA,312054,29.529,81.79,0.14,NA,NA,NA,NA,NA,NA,NA,NA,NA,NA,NA,NA,NA,NA,NA,NA,NA,NA,NA,NA,NA,NA,NA,NA,NA,NA,NA,NA,NA,NA,90033732,-306773955,NA,NA,101.1,NA,1.625,1.19,0.27,0.1,2.718,45399844,10629,11128,4.48,21424542,42642861,95442565,NA,NA,NA,NA,NA,NA,114.4413043,NA,NA,NA,8575.49,79.27,5468503,0.37367693598337115,NA,NA,NA,1235191851,2632637,1,6784146.529353884,140.82,39989,NA,640858071.0230869,118.79,284.5205856
2011-04-30,7.97,114530,6,399541,2011,31367727,7315027,22.591776240784373,305680,247551,1642315,1659423,97.76,95.44,102.98,100.31,100.11,89.82,100.32,107.92,121.82,590024,314027,29.009,83.35,0.1,4140,645756,646442,142616,143063,52206,53764,551034,494927,95888,91283,3824353,3470395,840564,843269,35727,42098,2246832,2737064,3377020,2705847,2920191,3920241,3561678,0.03297824382356826,0.013817587671080898,90.85354701407388,117.83245164721359,95.19752210912732,998797,90033732,-306773955,93.83232821,85.02812537341843,NA,134.5,1.75,1.28,0.3,0.06,2.73,45399844,10648,11126,4.29,21460761,34253384,56799354,80.98,101.04170028283247,10671,3824353,358.3874988286009,90.74,123.1504762,23173.178,NA,NA,8860.92,79.36999999999999,5468503,0.37367693598337115,24021.219,2737064,0.8776272312229456,1161997334,2130049,1,6784146.529353884,140.82,78526,NA,651987494.2446436,119.15,284.5205856
2011-05-31,6.58,113747,6.2,398683,2011,31216528,8354205,NA,NA,NA,NA,NA,97.78,95.53,NA,NA,NA,NA,NA,NA,NA,NA,313607,28.814,81.26,0.09,NA,NA,NA,NA,NA,NA,NA,NA,NA,NA,NA,NA,NA,NA,NA,NA,NA,NA,NA,NA,NA,NA,NA,NA,NA,NA,NA,NA,NA,NA,90033732,-306773955,NA,NA,NA,NA,1.75,1.28,0.32,0.04,2.766,45399844,10670,11146,4.27,21624872,176773652,105453216,NA,NA,NA,NA,NA,NA,114.4581818,NA,NA,NA,8910.54,82.93,5468503,0.37367693598337115,NA,NA,NA,1137743134,2172780,1,6784146.529353884,140.82,31681,NA,708587907.5229143,118.15,284.5205856
2011-06-30,6.74,114308,6.07,400326,2011,31216915,8503837,NA,NA,NA,NA,NA,97.93,95.71,NA,NA,NA,NA,NA,NA,NA,NA,314762,28.873,80.51,0.09,NA,NA,NA,NA,NA,NA,NA,NA,NA,NA,NA,NA,NA,NA,NA,NA,NA,NA,NA,NA,NA,NA,NA,NA,NA,NA,NA,NA,NA,NA,90033732,-306773955,NA,NA,101.5,NA,1.75,1.28,0.34,0.04,2.784,45399844,10696,11183,4.35,21633961,288135859,26046230,NA,NA,NA,NA,NA,NA,113.7577273,NA,NA,NA,8748.66,82.16,5468503,0.37367693598337115,NA,NA,NA,1133955022,2067544,1,6784146.529353884,140.82,35660,NA,689366917.7664921,117.95,284.5205856
2011-07-31,6.52,115781,6.24,400766,2011,31626833,8300957,24.048415292239874,322973,264770,1707740,1723058,97.86,95.68,106.13,100.93,102.02,93.21,102.09,108.13,121.63,594154,317617,28.859,79.4,0.07,11692,638706,651629,140029,141331,47377,50282,584955,545246,63400,60663,3970589,3645975,826001,843242,13516,11496,2170942,2640620,3455674,2680775,2898783,4033989,3706638,0.03823810197437318,0.02901556307380082,91.88517866558387,85.05474992601361,95.68296529968454,1029799,90033732,-306773955,96.16495384,85.5530205912908,NA,135.3,1.875,1.36,0.38,0.04,2.807,45399844,10752,11248,4.41,21733681,-9249527,79175055,81.98,100.89697494934826,10761,3970589,368.979555803364,91.82,116.4609524,23189.212,NA,NA,8681.24,86.79,5468503,0.37367693598337115,24444.305,2640620,0.9257032439351365,1143844602,2434834,1,6784146.529353884,140.82,88770,NA,686074893.3404493,117.66,284.5205856
2011-08-31,7.15,116767,6.16,400294,2011,31437082,9145834,NA,NA,NA,NA,NA,97.6,95.48,NA,NA,NA,NA,NA,NA,NA,NA,316914,28.998,77.22,0.1,NA,NA,NA,NA,NA,NA,NA,NA,NA,NA,NA,NA,NA,NA,NA,NA,NA,NA,NA,NA,NA,NA,NA,NA,NA,NA,NA,NA,NA,NA,90033732,-306773955,NA,NA,NA,NA,1.875,1.36,0.39,0.02,2.855,45399844,10782,11284,4.45,21946685,89043094,27252836,NA,NA,NA,NA,NA,NA,110.0813043,NA,NA,NA,7763.33,86.75,5468503,0.37367693598337115,NA,NA,NA,1121598407,2924819,1,6784146.529353884,140.82,75343,NA,694711778.6197913,118.12,284.5205856
2011-09-30,7.58,115987,5.85,389174,2011,31808716,8721983,NA,NA,NA,NA,NA,97.35,95.42,NA,NA,NA,NA,NA,NA,NA,NA,318270,29.745,76.84,0.08,NA,NA,NA,NA,NA,NA,NA,NA,NA,NA,NA,NA,NA,NA,NA,NA,NA,NA,NA,NA,NA,NA,NA,NA,NA,NA,NA,NA,NA,NA,90033732,-306773955,NA,NA,101.7,NA,1.875,1.36,0.39,0.01,2.855,45399844,10750,11231,4.28,22025811,105758881,87575255,NA,NA,NA,NA,NA,NA,112.4468182,NA,NA,NA,7385.13,85.32,5468503,0.37367693598337115,NA,NA,NA,1106822476,2135855,1,6784146.529353884,140.82,53766,NA,668726403.0767401,119.58,284.5205856
2011-10-31,6.89,115655,5.54,393327,2011,31636359,7455635,26.22406323630007,304527,261600,1662561,1680559,98.31,96.18,107.56,101.61,102.52,91.8,102.74,108.41,123.57,597800,319135,30.279,76.77,0.07,12314,538526,552101,174892,177711,75427,81132,624902,573650,67391,64805,3939774,3593502,789336,810944,-52001,-56401,2156755,2665121,3323795,2756513,2988271,4007165,3658307,-0.007760813320139657,-0.006649497556884761,91.29414436390815,108.46137574277417,96.16269234764286,965519,90033732,-306773955,96.00916948,86.67572274293953,NA,132.1,1.875,NA,NA,0.02,2.882,45399844,10765,11249,4.3,22018509,91682699,17246200,85.9,101.08254674565325,10785,3939774,365.3012517385257,91.21,109.4690476,23211.43,NA,NA,7345.08,80.25,5468503,0.37367693598337115,25939.832,2665121,0.9733078535646222,1088249233,1818486,1,6784146.529353884,140.82,101830,NA,715685951.6404723,119.55,284.5205856
2011-11-30,6.74,115913,5.1,387968,2011,31811449,7528489,NA,NA,NA,NA,NA,98.14,96.11,NA,NA,NA,NA,NA,NA,NA,NA,320010,30.242,77.58,0.08,NA,NA,NA,NA,NA,NA,NA,NA,NA,NA,NA,NA,NA,NA,NA,NA,NA,NA,NA,NA,NA,NA,NA,NA,NA,NA,NA,NA,NA,NA,90033732,-306773955,NA,NA,NA,NA,1.875,1.36,0.4,0.01,2.882,45399844,10788,11270,4.28,22067858,70771111,98323931,NA,NA,NA,NA,NA,NA,110.5040909,NA,NA,NA,7275.44,78.52,5468503,0.37367693598337115,NA,NA,NA,1060647908,1899710,1,6784146.529353884,140.82,94148,NA,703380900.0109522,118.58,284.5205856
2011-12-31,6.89,118302,5.01,385547,2011,32057574,7532599,NA,NA,NA,NA,NA,97.91,96.01,NA,NA,NA,NA,NA,NA,NA,NA,323022,30.272,77.86,0.07,NA,NA,NA,NA,NA,NA,NA,NA,NA,NA,NA,NA,NA,NA,NA,NA,NA,NA,NA,NA,NA,NA,NA,NA,NA,NA,NA,NA,NA,NA,90033732,-306773955,NA,NA,NA,NA,1.875,1.36,0.4,0.01,2.882,45399844,10802,11273,4.18,22154442,71758029,37833853,NA,NA,NA,NA,NA,NA,107.97,NA,NA,NA,6969.15,88.93,5468503,0.37367693598337115,NA,NA,NA,1069701161,1450761,1,6784146.529353884,140.82,70754,NA,669366116.1391885,118.22,284.5205856
2012-01-31,9.03,120155,5.22,390304,2012,32362363,5644806,22.299536368473056,326119,270846,1703290,1717815,98.69,96.64,107.15,105.55,103.66,113.15,104.14,109.68,122.38,600851,325138,30.061,76.98,0.08,3166,639159,662565,96225,101570,28896,30962,539149,610071,144727,138391,3742573,3573234,763514,795097,24876,11603,2107353,2578941,3353909,2504230,2746743,3887300,3711625,-0.05005388633967329,-0.029912668931775955,95.48079643968822,46.643351021064476,95.6221023029566,971431,86724085,-356779094,97.17543393,87.90096659738875,102.1,134.1,1.875,1.36,0.4,0.03,2.887,47520588,10808,11280,4.18,22306488,31637749,61810624,83.05,100.85276142054495,10801,3742573,346.50245347653,95.48,110.9936364,23232.09,NA,NA,7176.74,174.2,5754408,0.38083564930157615,21424.355,2578941,0.8307423473433474,943651452,1352933,0.993278801,6744084.673875288,138.13,7988,NA,680926218.0908521,118.3,287.2770213
2012-01-31,9.03,120155,5.22,390304,2012,32362363,5644806,22.299536368473056,326119,270846,1703290,1717815,98.69,96.64,107.15,105.55,103.66,113.15,104.14,109.68,122.38,600851,325138,30.061,76.98,0.08,3166,639159,662565,96225,101570,28896,30962,539149,610071,144727,138391,3742573,3573234,763514,795097,24876,11603,2107353,2578941,3353909,2504230,2746743,3887300,3711625,-0.05005388633967329,-0.029912668931775955,95.48079643968822,46.643351021064476,95.6221023029566,971431,86724085,-356779094,97.17543393,87.90096659738875,102.1,134.1,1.875,1.36,0.39,0.03,2.887,47520588,10808,11280,4.18,22306488,31637749,61810624,83.05,100.85276142054495,10801,3742573,346.50245347653,95.48,110.9936364,23232.09,NA,NA,7176.74,174.2,5754408,0.38083564930157615,21424.355,2578941,0.8307423473433474,943651452,1352933,0.993278801,6744084.673875288,138.13,7988,NA,680926218.0908521,118.3,287.2770213
2012-02-29,2.4,119354,4.92,394426,2012,32547967,7301936,NA,NA,NA,NA,NA,97.46,95.75,NA,NA,NA,NA,NA,NA,NA,NA,325597,29.563,78.39,0.1,NA,NA,NA,NA,NA,NA,NA,NA,NA,NA,NA,NA,NA,NA,NA,NA,NA,NA,NA,NA,NA,NA,NA,NA,NA,NA,NA,NA,NA,NA,86724085,-356779094,NA,NA,NA,NA,1.875,1.36,0.4,0.09,2.887,47520588,10790,11270,4.25,22316110,52852511,21309150,NA,NA,NA,NA,NA,NA,119.702381,NA,NA,NA,7855.93,83.63,5754408,0.38083564930157615,NA,NA,NA,1031385190,2779925,0.993278801,6744084.673875288,138.13,80895,NA,681654249.9021181,118.09,287.2770213
2012-03-31,4.88,118972,5.05,393871,2012,32745667,8300488,NA,NA,NA,NA,NA,97.4,95.59,NA,NA,NA,NA,NA,NA,NA,NA,326708,29.546,82.43,0.13,NA,NA,NA,NA,NA,NA,NA,NA,NA,NA,NA,NA,NA,NA,NA,NA,NA,NA,NA,NA,NA,NA,NA,NA,NA,NA,NA,NA,NA,NA,86724085,-356779094,NA,NA,102.4,NA,1.875,1.36,0.4,0.08,2.887,47520588,10806,11276,4.17,22362054,41585612,98431178,NA,NA,NA,NA,NA,NA,124.9286364,NA,NA,NA,8020,80.14,5754408,0.38083564930157615,NA,NA,NA,1170806729,2295997,0.993278801,6744084.673875288,138.13,60047,NA,696213682.9504951,118.54,287.2770213
2012-04-30,4.84,118396,4.72,395072,2012,32652003,7241581,24.952686782701225,313689,263796,1674568,1702494,98.51,96.43,105.82,102.09,101.76,91.84,102.07,109.19,123.27,603425,326582,29.504,81.49,0.14,7040,633966,645143,124675,127277,45533,48182,574281,527447,111203,107581,3864101,3560576,803991,820602,20620,29632,2190507,2700283,3386641,2671318,2916888,3975304,3668157,0.032471778105597406,0.02263884958711702,92.27362234435404,143.70514064015518,96.7428936269705,1016552,86724085,-356779094,96.46625043,88.62799319624169,NA,131.7,1.875,1.36,0.48,0.08,2.887,47520588,10818,11281,4.1,22431223,33709036,56924614,84.09,101.66765398598325,10835,3864101,356.63137978772494,92.15,120.5909524,23250.508,NA,NA,7620.82,80.34,5754408,0.38083564930157615,23452.982,2700283,0.8685379273209513,1112518455,1516623,0.993278801,6744084.673875288,138.13,16707,NA,741458338.1380168,118.48,287.2770213
2012-05-31,4.87,118093,4.4,389275,2012,32817986,7772636,NA,NA,NA,NA,NA,98.4,96.46,NA,NA,NA,NA,NA,NA,NA,NA,326195,29.523,79.72,0.16,NA,NA,NA,NA,NA,NA,NA,NA,NA,NA,NA,NA,NA,NA,NA,NA,NA,NA,NA,NA,NA,NA,NA,NA,NA,NA,NA,NA,NA,NA,86724085,-356779094,NA,NA,NA,NA,1.875,1.36,0.51,0.09,2.887,47520588,10834,11300,4.12,22464762,196383369,108540735,NA,NA,NA,NA,NA,NA,110.5217391,NA,NA,NA,7356.84,81.2,5754408,0.38083564930157615,NA,NA,NA,1126112478,1605049,0.993278801,6744084.673875288,138.13,66154,NA,759689872.5602465,117.11,287.2770213
2012-06-30,4.67,118197,4.19,391235,2012,32729684,8115509,NA,NA,NA,NA,NA,98.43,96.6,NA,NA,NA,NA,NA,NA,NA,NA,326082,29.948,79.32,0.16,NA,NA,NA,NA,NA,NA,NA,NA,NA,NA,NA,NA,NA,NA,NA,NA,NA,NA,NA,NA,NA,NA,NA,NA,NA,NA,NA,NA,NA,NA,86724085,-356779094,NA,NA,102.6,NA,1.875,1.36,0.51,0.09,2.887,47520588,10854,11331,4.21,22298218,316154258,26074697,NA,NA,NA,NA,NA,NA,95.58904762,NA,NA,NA,7142.52,86.84,5754408,0.38083564930157615,NA,NA,NA,1053617540,1337349,0.993278801,6744084.673875288,138.13,75525,NA,731837705.7241843,115.86,287.2770213
2012-07-31,4.53,119221,3.8,391108,2012,32737221,8330668,26.238884244128602,322182,285012,1736644,1767726,98.47,96.68,106.84,102.24,102.33,93.98,102.59,106.79,120.15,606953,327201,30.007,78.98,0.16,8331,675845,691572,127562,130415,42490,45396,589847,554364,84306,82936,4057126,3761673,845474,867383,12459,8127,2232161,2682047,3507434,2772892,2961108,4141432,3844609,0.049953404427058194,0.04179001153119359,92.83284139399126,65.22995424993981,98.37496738073209,1104801,86724085,-356779094,96.09320366,89.20355020467257,NA,134.5,1.875,1.36,0.45,0.1,2.927,47520588,10883,11372,4.31,22479167,1745508,86694966,88.46,101.78977383965857,10887,4057126,372.65784881050797,92.72,103.1409091,23272.209,NA,NA,7187.14,84.14,5754408,0.38083564930157615,24487.411,2682047,0.9130120016539605,1098213473,1452987,0.993278801,6744084.673875288,138.13,14089,NA,728294617.1108977,115.83,287.2770213
2012-08-31,4.18,120441,3.69,394226,2012,32853010,7451765,NA,NA,NA,NA,NA,98.21,96.48,NA,NA,NA,NA,NA,NA,NA,NA,329131,29.988,78.66,0.13,NA,NA,NA,NA,NA,NA,NA,NA,NA,NA,NA,NA,NA,NA,NA,NA,NA,NA,NA,NA,NA,NA,NA,NA,NA,NA,NA,NA,NA,NA,86724085,-356779094,NA,NA,NA,NA,1.875,1.36,0.39,0.1,2.923,47520588,10901,11403,4.4,22495811,75202947,24386481,NA,NA,NA,NA,NA,NA,113.34,NA,NA,NA,7409.6,84.56,5754408,0.38083564930157615,NA,NA,NA,1117404722,1666633,0.993278801,6744084.673875288,138.13,100355,NA,727396948.3540343,117.05,287.2770213
2012-09-30,4.14,120608,3.96,397954,2012,32905546,6113724,NA,NA,NA,NA,NA,98.04,96.39,NA,NA,NA,NA,NA,NA,NA,NA,328416,29.608,78.17,0.14,NA,NA,NA,NA,NA,NA,NA,NA,NA,NA,NA,NA,NA,NA,NA,NA,NA,NA,NA,NA,NA,NA,NA,NA,NA,NA,NA,NA,NA,NA,86724085,-356779094,NA,NA,102.9,NA,1.875,1.36,0.39,0.11,2.915,47520588,10878,11369,4.32,22545468,93699992,88504508,NA,NA,NA,NA,NA,NA,113.3825,NA,NA,NA,7610.38,93.29,5754408,0.38083564930157615,NA,NA,NA,1080714736,1705578,0.993278801,6744084.673875288,138.13,121273,NA,737805524.8838371,116.78,287.2770213
2012-10-31,4.6,120120,3.29,399216,2012,32857146,7371024,28.84624154442502,298920,264573,1713087,1743588,99.15,97.23,104.57,100.59,100.61,92.82,100.89,103.5,116.38,610819,328270,29.335,78.97,0.16,12928,590046,593671,158249,159189,74411,77811,638452,592606,105566,103278,4116109,3782282,823322,830671,-25217,-32663,2256727,2626429,3444300,2908181,3009936,4221675,3885560,0.014538123785162206,0.01937566522883872,92.03834970716599,129.5276995677519,97.83263550764451,1027477,86724085,-356779094,96.34478389,89.76164746897291,NA,133.6,1.875,NA,NA,0.1,2.891,47520588,10897,11391,4.33,22642124,95099880,19020384,88.51,101.78046999364305,10915,4116109,377.1057260650481,91.89,111.9734783,23299.246,NA,NA,7438.14,82.07,5754408,0.38083564930157615,25553.402,2626429,0.9729332869839618,1104857629,1385880,0.993278801,6744084.673875288,138.13,89155,NA,732520716.5498642,115.09,287.2770213
2012-11-30,4.99,120685,3.26,400956,2012,32992205,6979705,NA,NA,NA,NA,NA,98.88,97.08,NA,NA,NA,NA,NA,NA,NA,NA,330039,29.185,80.79,0.16,NA,NA,NA,NA,NA,NA,NA,NA,NA,NA,NA,NA,NA,NA,NA,NA,NA,NA,NA,NA,NA,NA,NA,NA,NA,NA,NA,NA,NA,NA,86724085,-356779094,NA,NA,NA,NA,1.875,1.36,0.39,0.09,2.883,47520588,10918,11405,4.27,22627765,73160286,89582623,NA,NA,NA,NA,NA,NA,109.7118182,NA,NA,NA,7255.63,80.03,5754408,0.38083564930157615,NA,NA,NA,1084152120,1512672,0.993278801,6744084.673875288,138.13,97583,NA,697170284.6280601,113.94,287.2770213
2012-12-31,5.97,124184,3.67,403169,2012,33480062,5927904,NA,NA,NA,NA,NA,98.75,97.06,NA,NA,NA,NA,NA,NA,NA,NA,333004,29.119,83.58,0.16,NA,NA,NA,NA,NA,NA,NA,NA,NA,NA,NA,NA,NA,NA,NA,NA,NA,NA,NA,NA,NA,NA,NA,NA,NA,NA,NA,NA,NA,NA,86724085,-356779094,NA,NA,NA,NA,1.875,1.36,0.39,0.07,2.883,47520588,10931,11408,4.18,22894778,71437392,32748693,NA,NA,NA,NA,NA,NA,109.64,NA,NA,NA,7630.81,94.42,5754408,0.38083564930157615,NA,NA,NA,1051728070,1626540,0.993278801,6744084.673875288,138.13,121971,NA,700507761.9674008,113.55,287.2770213
2013-01-31,1.17,125515,2.99,406557,2013,33718962,7634678,24.597172607737328,322517,273695,1726480,1756006,98.52,96.93,102.2,105.39,101.59,113.22,102.14,106.68,117.34,613889,335833,29.184,89.16,0.14,8280,702520,713657,90475,95349,34688,35450,535930,606806,137806,134161,3798607,3670889,826783,844456,21223,15414,2211176,2594660,3431315,2595745,2769172,3936413,3805050,-0.07713644123612859,-0.06757081016421207,96.66287556717245,72.62875182584932,97.35497728691058,1028184,70843043,-207608795,97.52702722,90.9179192983685,102.8,134.4,1.875,1.36,0.39,0.07,2.883,50025054,10935,11410,4.16,22951357,41878844,78448198,84.86,101.71018488485242,10924,3798607,347.73041010618823,96.64,112.9286957,23324.264,NA,NA,7759.25,124.36999999999999,5939511,0.3789589154298233,21670.472,2594660,0.8351950544580022,1120389282,1716894,0.993977368,7111823.727188455,131.49,8472,NA,670596826.8869308,113.77,293.9103436
2013-02-28,8.94,126312,3.53,404080,2013,33829964,4283918,NA,NA,NA,NA,NA,99.67,97.83,NA,NA,NA,NA,NA,NA,NA,NA,336028,29.665,93.17,0.15,NA,NA,NA,NA,NA,NA,NA,NA,NA,NA,NA,NA,NA,NA,NA,NA,NA,NA,NA,NA,NA,NA,NA,NA,NA,NA,NA,NA,NA,NA,70843043,-207608795,NA,NA,NA,NA,1.875,1.36,0.39,0.1,2.883,50025054,10915,11398,4.24,22978777,39567984,25496719,NA,NA,NA,NA,NA,NA,116.455,NA,NA,NA,7932.68,124.93,5939511,0.3789589154298233,NA,NA,NA,880259498,1021175,0.993977368,7111823.727188455,131.49,20360,NA,721142103.9787493,115.4,293.9103436
2013-03-31,7.51,126538,3.78,401890,2013,33947377,6421121,NA,NA,NA,NA,NA,98.23,96.73,NA,NA,NA,NA,NA,NA,NA,NA,337776,29.798,94.79,0.14,NA,NA,NA,NA,NA,NA,NA,NA,NA,NA,NA,NA,NA,NA,NA,NA,NA,NA,NA,NA,NA,NA,NA,NA,NA,NA,NA,NA,NA,NA,70843043,-207608795,NA,NA,102.1,NA,1.875,1.36,0.39,0.09,2.883,50025054,10921,11396,4.17,23056976,42518148,83513777,NA,NA,NA,NA,NA,NA,109.24,NA,NA,NA,7906.99,81.96000000000001,5939511,0.3789589154298233,NA,NA,NA,1091287330,1607471,0.993977368,7111823.727188455,131.49,85238,NA,747506484.5089891,114.88,293.9103436
2013-04-30,7.39,126084,3.71,405194,2013,34280094,6462907,27.270464391578628,314209,267872,1724593,1751834,98.95,97.27,100.23,100.18,98.68,92.78,99.02,107.68,117.76,617587,338225,29.88,97.7,0.15,6650,698060,688837,116847,117061,48296,48405,562062,521508,68388,66774,3967499,3721253,862778,854303,-35432,-26705,2241119,2639111,3428892,2778255,2991552,4035887,3788027,0.04446156183042889,0.025270214278837105,93.85859911340432,75.36972228494017,97.639936831023,1101427,70843043,-207608795,98.28122627,91.2928758084751,NA,132.8,1.875,1.36,0.39,0.06,2.883,50025054,10929,11392,4.07,23086827,37206576,64416506,85.25,101.57956109064574,10942,3967499,362.5935843538658,93.79,102.8754545,23338.459,NA,NA,7893.42,82.42,5939511,0.3789589154298233,23495.977,2639111,0.8902989302079374,1081457335,1460625,0.993977368,7111823.727188455,131.49,57903,NA,743770173.7290419,114.05,293.9103436
2013-05-31,7.22,126985,4.32,406616,2013,34566109,6838083,NA,NA,NA,NA,NA,98.68,97.05,NA,NA,NA,NA,NA,NA,NA,NA,339042,29.888,101.08,0.11,NA,NA,NA,NA,NA,NA,NA,NA,NA,NA,NA,NA,NA,NA,NA,NA,NA,NA,NA,NA,NA,NA,NA,NA,NA,NA,NA,NA,NA,NA,70843043,-207608795,NA,NA,NA,NA,1.875,1.36,0.39,0.04,2.883,50025054,10939,11401,4.06,23042340,188613032,105167774,NA,NA,NA,NA,NA,NA,103.0269565,NA,NA,NA,8272.34,83.56,5939511,0.3789589154298233,NA,NA,NA,1125030503,1822583,0.993977368,7111823.727188455,131.49,131820,NA,695825017.3987011,112.96,293.9103436
2013-06-30,7.73,128309,4.82,406606,2013,34568354,5440565,NA,NA,NA,NA,NA,98.76,97.17,NA,NA,NA,NA,NA,NA,NA,NA,342020,30.089,97.33,0.09,NA,NA,NA,NA,NA,NA,NA,NA,NA,NA,NA,NA,NA,NA,NA,NA,NA,NA,NA,NA,NA,NA,NA,NA,NA,NA,NA,NA,NA,NA,70843043,-207608795,NA,NA,100.6,NA,1.875,1.36,0.39,0.05,2.883,50025054,10959,11432,4.14,23176488,303505463,20974154,NA,NA,NA,NA,NA,NA,103.11,NA,NA,NA,7988.8,86.36999999999999,5939511,0.3789589154298233,NA,NA,NA,1066636156,1482412,0.993977368,7111823.727188455,131.49,93646,NA,685691186.6568617,113.43,293.9103436
2013-07-31,7.76,129635,5.42,409118,2013,34692741,5921519,28.924336854906134,330281,289687,1774203,1804137,98.74,97.17,101.04,100.88,99.44,93.69,99.81,105.56,115.61,621976,344805,30.041,99.75,0.09,9988,712559,708545,124127,125220,36728,37109,583780,546935,96424,94836,4136219,3877352,872554,870874,-3366,-3982,2258643,2611209,3558751,2823769,2980910,4232643,3972188,0.04252553056724148,0.04875161271859197,93.8465162311114,118.30065359477125,98.35310711026301,1195541,70843043,-207608795,99.09854768,92.44966341912408,NA,132.4,1.875,1.36,0.39,0.04,2.882,50025054,10984,11471,4.25,23371472,7096917,90773818,87.71,101.68718010284054,10988,4136219,376.43056061157625,93.74,107.716087,23350.401,NA,NA,8101.91,86.41000000000001,5939511,0.3789589154298233,24631.673,2611209,0.9433053041713627,1105382900,1880000,0.993977368,7111823.727188455,131.49,86185,NA,723047617.5768356,113.28,293.9103436
2013-08-31,8.02,130507,5.41,409388,2013,34857908,5302031,NA,NA,NA,NA,NA,98.52,96.96,NA,NA,NA,NA,NA,NA,NA,NA,345652,30.029,97.87,0.08,NA,NA,NA,NA,NA,NA,NA,NA,NA,NA,NA,NA,NA,NA,NA,NA,NA,NA,NA,NA,NA,NA,NA,NA,NA,NA,NA,NA,NA,NA,70843043,-207608795,NA,NA,NA,NA,1.875,1.36,0.39,0.04,2.882,50025054,11000,11498,4.33,23388171,66501325,24712598,NA,NA,NA,NA,NA,NA,110.965,NA,NA,NA,7932.02,88.61999999999999,5939511,0.3789589154298233,NA,NA,NA,1113260750,1564102,0.993977368,7111823.727188455,131.49,135174,NA,678224819.9586749,113.75,293.9103436
2013-09-30,8.09,130087,5.54,412611,2013,35005922,4890540,NA,NA,NA,NA,NA,98.46,97.01,NA,NA,NA,NA,NA,NA,NA,NA,346093,29.782,99.28,0.08,NA,NA,NA,NA,NA,NA,NA,NA,NA,NA,NA,NA,NA,NA,NA,NA,NA,NA,NA,NA,NA,NA,NA,NA,NA,NA,NA,NA,NA,NA,70843043,-207608795,NA,NA,99.9,NA,1.875,1.36,0.39,0.02,2.882,50025054,10980,11466,4.24,23546685,103159732,93452210,NA,NA,NA,NA,NA,NA,111.6214286,NA,NA,NA,8193.46,88.89,5939511,0.3789589154298233,NA,NA,NA,1065528515,1508767,0.993977368,7111823.727188455,131.49,68842,NA,689024636.9449202,113.77,293.9103436
2013-10-31,7.59,130654,5.99,415601,2013,35136148,5629516,31.87884776164779,298855,271689,1803976,1827458,98.92,97.38,100.44,100.57,99.08,92.98,99.41,103.5,113.51,626867,347564,29.492,97.82,0.09,16135,658434,652385,163784,164720,78900,79250,628092,583972,108481,106733,4269496,4001234,901659,896355,-19882,-9251,2362560,2681790,3611308,3007467,3112801,4377977,4107967,0.03222193989244767,0.034336465418888386,93.83253954965957,46.52952419273715,98.38865792166371,1119857,70843043,-207608795,99.06457806,93.73576397443803,NA,132.3,1.875,NA,NA,0.05,2.882,50025054,10996,11483,4.24,23591721,101262630,25173225,90.91,101.30168028842957,11015,4269496,387.60744439400816,93.72,109.4791304,23365.053,NA,NA,8366.18,85.97,5939511,0.3789589154298233,27210.573,2681790,1.0146421979349614,1104068761,1747144,0.993977368,7111823.727188455,131.49,115805,NA,669422862.0911651,112.97,293.9103436
2013-11-30,7.77,131126,6.05,415559,2013,35458125,5481793,NA,NA,NA,NA,NA,98.66,97.28,NA,NA,NA,NA,NA,NA,NA,NA,349355,29.589,99.79,0.08,NA,NA,NA,NA,NA,NA,NA,NA,NA,NA,NA,NA,NA,NA,NA,NA,NA,NA,NA,NA,NA,NA,NA,NA,NA,NA,NA,NA,NA,NA,70843043,-207608795,NA,NA,NA,NA,1.875,1.36,0.39,0.07,2.882,50025054,11019,11497,4.16,23703175,79695706,90511614,NA,NA,NA,NA,NA,NA,108.0766667,NA,NA,NA,8236.52,83.33,5939511,0.3789589154298233,NA,NA,NA,1075599975,1547506,0.993977368,7111823.727188455,131.49,129524,NA,676685405.3448653,112.88,293.9103436
2013-12-31,7.13,134708,5.75,416811,2013,35407792,4919435,NA,NA,NA,NA,NA,98.52,97.26,NA,NA,NA,NA,NA,NA,NA,NA,350624,29.813,103.41,0.09,NA,NA,NA,NA,NA,NA,NA,NA,NA,NA,NA,NA,NA,NA,NA,NA,NA,NA,NA,NA,NA,NA,NA,NA,NA,NA,NA,NA,NA,NA,70843043,-207608795,NA,NA,NA,NA,1.875,1.36,0.39,0.07,2.882,50025054,11029,11498,4.08,23849205,80719424,39757779,NA,NA,NA,NA,NA,NA,110.6336364,NA,NA,NA,8431.4,93,5939511,0.3789589154298233,NA,NA,NA,1116925006,1582254,0.993977368,7111823.727188455,131.49,61755,NA,693899108.7547683,113.54,293.9103436
2014-01-31,10.11,137942,5.97,416935,2014,35919327,4886633,26.746218742874515,318266,278995,1796170,1823952,99.2,97.93,102.47,106.19,102.41,113.49,102.92,107.16,116.85,630739,352371,30.264,103.94,0.07,10850,738155,755939,83823,89014,39636,40614,558704,634048,167291,164153,3976799,3864177,860422,885567,20956,-371,2262864,2644069,3553331,2693228,2886055,4144090,4028330,-0.06855539857631908,-0.053423533289462234,97.2066243735054,-1.7703760259591523,98.1242266469804,1128709,73112070,-136896921,100.0511866,93.85328528172514,99.3,134.9,1.875,1.36,0.39,0.04,2.883,52711236,11036,11498,4.02,24054197,44083618,82340194,87.66,101.5467355539843,11027,3976799,360.6419697107101,97.17,107.5704348,23376.556,NA,NA,8566.62,172.94,6094887,0.36502554447608787,23558.808,2644069,0.891005794478132,1090068015,1756816,1.012463927,7521792.080011927,126.18,87961,NA,658661351.5001515,114.44,294.4599154
2014-02-28,5.95,136838,5.61,417978,2014,36131594,4714260,NA,NA,NA,NA,NA,98.65,97.65,NA,NA,NA,NA,NA,NA,NA,NA,355407,30.377,102.16,0.07,NA,NA,NA,NA,NA,NA,NA,NA,NA,NA,NA,NA,NA,NA,NA,NA,NA,NA,NA,NA,NA,NA,NA,NA,NA,NA,NA,NA,NA,NA,73112070,-136896921,NA,NA,NA,NA,1.875,1.36,0.39,0.05,2.883,52711236,11019,11489,4.09,24078024,48483012,19773525,NA,NA,NA,NA,NA,NA,108.812,NA,NA,NA,8496.09,85.43,6094887,0.36502554447608787,NA,NA,NA,938083829,1515741,1.012463927,7521792.080011927,126.18,40054,NA,689071545.4923185,114.99,294.4599154
2014-03-31,6.68,137104,5.89,419199,2014,35946161,6029178,NA,NA,NA,NA,NA,98.32,97.66,NA,NA,NA,NA,NA,NA,NA,NA,357457,30.446,102.27,0.08,NA,NA,NA,NA,NA,NA,NA,NA,NA,NA,NA,NA,NA,NA,NA,NA,NA,NA,NA,NA,NA,NA,NA,NA,NA,NA,NA,NA,NA,NA,73112070,-136896921,NA,NA,99.2,NA,1.875,1.36,0.39,0.05,2.883,52711236,11027,11490,4.03,24185789,47045924,92377052,NA,NA,NA,NA,NA,NA,107.4057143,NA,NA,NA,8687.45,82.9,6094887,0.36502554447608787,NA,NA,NA,1122950795,1965993,1.012463927,7521792.080011927,126.18,51058,NA,691212438.338797,114.86,294.4599154
2014-04-30,6.69,137422,6.24,421495,2014,36174671,6232201,29.735121988295205,313636,279207,1806004,1842912,99.26,98.48,101.67,101.94,100.61,92.8,100.81,107.65,116.73,634899,358827,30.268,102.56,0.09,10994,744334,748870,109259,111384,40587,41264,577085,535554,114206,113202,4162821,3966585,894278,901518,-11998,-3595,2334840,2725477,3579638,2913485,3136466,4277027,4079787,0.04677681723416245,0.032078695202082966,95.38838543689343,29.963327221203535,99.12088681855595,1252353,73112070,-136896921,98.13393431,95.65497504421212,NA,133,1.875,1.36,0.39,0.03,2.883,52711236,11040,11489,3.91,24349898,32959719,63953572,89.02,102.04362781034814,11051,4162821,376.69179259795493,95.29,107.8754545,23385.815,NA,NA,8900.14,83.74000000000001,6094887,0.36502554447608787,27406.07,2725477,1.0055513218420116,1149448818,1935178,1.012463927,7521792.080011927,126.18,71826,NA,671049397.5011337,114.14,294.4599154
2014-05-31,6.9,136495,5.91,421651,2014,36354791,5575144,NA,NA,NA,NA,NA,99.15,98.48,NA,NA,NA,NA,NA,NA,NA,NA,359491,30.177,101.79,0.09,NA,NA,NA,NA,NA,NA,NA,NA,NA,NA,NA,NA,NA,NA,NA,NA,NA,NA,NA,NA,NA,NA,NA,NA,NA,NA,NA,NA,NA,NA,73112070,-136896921,NA,NA,NA,NA,1.875,1.36,0.39,0.03,2.883,52711236,11052,11496,3.85,24358483,164568108,112855442,NA,NA,NA,NA,NA,NA,109.6759091,NA,NA,NA,8936.23,90.61,6094887,0.36502554447608787,NA,NA,NA,1157251096,1852014,1.012463927,7521792.080011927,126.18,157320,NA,653325886.2698034,114.25,294.4599154
2014-06-30,6.44,137164,5.74,423454,2014,36158595,5539010,NA,NA,NA,NA,NA,99.28,98.6,NA,NA,NA,NA,NA,NA,NA,NA,360283,30.043,102.05,0.1,NA,NA,NA,NA,NA,NA,NA,NA,NA,NA,NA,NA,NA,NA,NA,NA,NA,NA,NA,NA,NA,NA,NA,NA,NA,NA,NA,NA,NA,NA,73112070,-136896921,NA,NA,98.9,NA,1.875,1.36,0.39,0.04,2.883,52711236,11062,11513,3.92,24371919,351870962,27531844,NA,NA,NA,NA,NA,NA,111.8685714,NA,NA,NA,9229.31,85.4,6094887,0.36502554447608787,NA,NA,NA,1128517656,1969851,1.012463927,7521792.080011927,126.18,53693,NA,677695294.5062331,114.34,294.4599154
2014-07-31,6.75,139118,5.63,423661,2014,36597978,6114746,31.444288211598387,331331,300244,1864486,1908915,99.38,98.69,101.62,103.05,100.99,94.62,101.34,104.98,113.81,639764,364367,30,102.78,0.09,11240,757724,765257,114312,117804,45725,46465,606463,573828,90354,90323,4338997,4137478,917200,929526,35251,30993,2461854,2801752,3756144,3044217,3195724,4429351,4227801,0.04232130086784899,0.03561445836091285,95.4496719722596,87.9209100451051,99.96569050623104,1345581,73112070,-136896921,98.22090892,97.23934531391674,NA,131.9,1.875,1.36,0.39,0.03,2.883,52711236,11091,11555,4.02,24519415,6995766,97057543,90.62,102.38290874804102,11100,4338997,390.90063063063064,95.36,106.9830435,23401.158,NA,NA,9474.13,97.59,6094887,0.36502554447608787,27428.689,2801752,0.9789834717705207,1175075836,2453160,1.012463927,7521792.080011927,126.18,71145,NA,665438318.1183364,114.24,294.4599154
2014-08-31,6.49,140135,5.64,423066,2014,36789326,5942248,NA,NA,NA,NA,NA,99.18,98.59,NA,NA,NA,NA,NA,NA,NA,NA,365191,30.037,102.96,0.09,NA,NA,NA,NA,NA,NA,NA,NA,NA,NA,NA,NA,NA,NA,NA,NA,NA,NA,NA,NA,NA,NA,NA,NA,NA,NA,NA,NA,NA,NA,73112070,-136896921,NA,NA,NA,NA,1.875,1.36,0.39,0.03,2.883,52711236,11110,11583,4.08,24623724,77886592,30121039,NA,NA,NA,NA,NA,NA,101.922381,NA,NA,NA,9266.46,94.5,6094887,0.36502554447608787,NA,NA,NA,1135648307,1844091,1.012463927,7521792.080011927,126.18,122380,NA,716071930.4017642,113.78,294.4599154
2014-09-30,6.66,139270,5.31,420696,2014,36737481,5918234,NA,NA,NA,NA,NA,98.98,98.51,NA,NA,NA,NA,NA,NA,NA,NA,363355,30.155,107.24,0.09,NA,NA,NA,NA,NA,NA,NA,NA,NA,NA,NA,NA,NA,NA,NA,NA,NA,NA,NA,NA,NA,NA,NA,NA,NA,NA,NA,NA,NA,NA,73112070,-136896921,NA,NA,98.5,NA,1.875,1.36,0.39,0.02,2.883,52711236,11099,11557,3.96,24757870,122564030,102609073,NA,NA,NA,NA,NA,NA,97.33636364,NA,NA,NA,9229.01,89.14,6094887,0.36502554447608787,NA,NA,NA,1130320714,1588289,1.012463927,7521792.080011927,126.18,105040,NA,719730673.3554631,112.8,294.4599154
2014-10-31,7.02,139166,4.98,421476,2014,36802564,5844283,34.35984646955993,293571,275966,1878935,1892651,99.52,98.93,99.94,101.69,99.82,94.28,100.1,103.6,109.39,644821,364593,30.432,108.06,0.09,17447,683169,681920,146601,149081,82998,82946,654950,617480,71835,71427,4456390,4289807,913061,913947,10491,10854,2525198,2762324,3748948,3225224,3341233,4528225,4361234,0.027055330990088264,0.022322457624153063,96.31221946789304,103.46010866456963,99.43203173940279,1329995,73112070,-136896921,98.70631079,97.94308493788286,NA,128.3,1.875,NA,NA,0.02,2.883,52711236,11120,11577,3.95,24816366,117676506,24745344,94,100.72998799852044,11136,4456390,400.17869971264366,96.26,87.26956522,23422.017,NA,NA,8819.21,86.51,6094887,0.36502554447608787,28748.312,2762324,1.0407291831081367,1155674235,1738160,1.012463927,7521792.080011927,126.18,131521,NA,707032855.5487206,111.41,294.4599154
2014-11-30,6.94,140234,5.22,421466,2014,37070778,5341286,NA,NA,NA,NA,NA,99.13,98.64,NA,NA,NA,NA,NA,NA,NA,NA,367802,30.793,116.21,0.09,NA,NA,NA,NA,NA,NA,NA,NA,NA,NA,NA,NA,NA,NA,NA,NA,NA,NA,NA,NA,NA,NA,NA,NA,NA,NA,NA,NA,NA,NA,73112070,-136896921,NA,NA,NA,NA,1.875,1.36,0.39,0.02,2.883,52711236,11137,11588,3.89,24867077,81886478,105125619,NA,NA,NA,NA,NA,NA,78.438,NA,NA,NA,9015.87,88.19,6094887,0.36502554447608787,NA,NA,NA,1077270919,1460839,1.012463927,7521792.080011927,126.18,128369,NA,728169754.8410695,109.6,294.4599154
2014-12-31,6.8,143101,5.85,418980,2014,37435935,5895189,NA,NA,NA,NA,NA,98.98,98.59,NA,NA,NA,NA,NA,NA,NA,NA,371339,31.451,119.31,0.12,NA,NA,NA,NA,NA,NA,NA,NA,NA,NA,NA,NA,NA,NA,NA,NA,NA,NA,NA,NA,NA,NA,NA,NA,NA,NA,NA,NA,NA,NA,73112070,-136896921,NA,NA,NA,NA,1.875,1.36,0.39,0.03,2.883,52711236,11151,11590,3.79,25030744,84862542,36733418,NA,NA,NA,NA,NA,NA,62.16304348,NA,NA,NA,9109.31,91.6,6094887,0.36502554447608787,NA,NA,NA,1118648426,1818405,1.012463927,7521792.080011927,126.18,140193,NA,748179226.319581,108.11,294.4599154
2015-01-31,3.22,143651,5.86,415903,2015,38019403,6158955,28.71817283575283,311177,280696,1875584,1880522,98.78,98.56,101.07,105.99,102.14,115.46,102.61,103.94,105.67,648848,374705,31.685,118.31,0.11,20745,760703,776981,80566,85390,28302,28606,542866,626766,203679,198630,4167494,4215980,868308,890977,10311,-515,2312005,2443082,3607099,2867627,2980616,4371173,4414610,-0.06482736026245459,-0.034682905553500544,100.99371495934844,-4.994665890796237,97.5210993769608,1324995,64610928,17138686,100.0610138,98.67980712689251,97.9,125.9,1.875,1.36,0.39,0.03,2.883,55513524,11159,11589,3.71,24986738,43063883,90949391,90.2,100.26327799767965,11160,4167494,373.43136200716845,101.16,48.41681818,23441.52,NA,NA,9281.74,105.56,6129840,0.3503818661848152,25846.129,2443082,1.0579312933417708,1093981542,1722532,0.99911505,7527227.841193171,104.92,139502,NA,680909917.9156396,105.43,256.3156288
2015-01-31,3.22,143651,5.86,415903,2015,38019403,6158955,28.71817283575283,311177,280696,1875584,1880522,98.78,98.56,101.07,105.99,102.14,115.46,102.61,103.94,105.67,648848,374705,31.685,118.31,0.11,20745,760703,776981,80566,85390,28302,28606,542866,626766,203679,198630,4167494,4215980,868308,890977,10311,-515,2312005,2443082,3607099,2867627,2980616,4371173,4414610,-0.06482736026245459,-0.034682905553500544,100.99371495934844,-4.994665890796237,97.5210993769608,1324995,64610928,17138686,100.0610138,98.67980712689251,97.9,125.9,1.875,1.28,0.3,0.03,2.883,55513524,11159,11589,3.71,24986738,43063883,90949391,90.2,100.26327799767965,11160,4167494,373.43136200716845,101.16,48.41681818,23441.52,NA,NA,9281.74,105.56,6129840,0.3503818661848152,25846.129,2443082,1.0579312933417708,1093981542,1722532,0.99911505,7527227.841193171,104.92,139502,NA,680909917.9156396,105.43,256.3156288
2015-02-28,6.08,146214,6.51,417826,2015,37962751,3885387,NA,NA,NA,NA,NA,99.82,99.39,NA,NA,NA,NA,NA,NA,NA,NA,377814,31.566,118.56,0.11,NA,NA,NA,NA,NA,NA,NA,NA,NA,NA,NA,NA,NA,NA,NA,NA,NA,NA,NA,NA,NA,NA,NA,NA,NA,NA,NA,NA,NA,NA,64610928,17138686,NA,NA,NA,NA,1.875,1.36,0.39,0.02,2.883,55513524,11160,11588,3.69,25161113,46155157,10976062,NA,NA,NA,NA,NA,NA,57.9305,NA,NA,NA,9505.55,177.86,6129840,0.3503818661848152,NA,NA,NA,864326924,1023675,0.99911505,7527227.841193171,104.92,138970,NA,674962698.6921171,104.84,256.3156288
2015-03-31,7.53,144922,6.57,414689,2015,37951918,6369699,NA,NA,NA,NA,NA,98.73,98.59,NA,NA,NA,NA,NA,NA,NA,NA,379445,31.526,120.39,0.11,NA,NA,NA,NA,NA,NA,NA,NA,NA,NA,NA,NA,NA,NA,NA,NA,NA,NA,NA,NA,NA,NA,NA,NA,NA,NA,NA,NA,NA,NA,64610928,17138686,NA,NA,97,NA,1.875,1.36,0.39,0.03,2.883,55513524,11162,11593,3.72,25229884,55529190,106705707,NA,NA,NA,NA,NA,NA,55.79136364,NA,NA,NA,9611.3,85.51,6129840,0.3503818661848152,NA,NA,NA,1104236448,2016093,0.99911505,7527227.841193171,104.92,115783,NA,696137837.2483344,104.73,256.3156288
2015-04-30,6.68,145613,6.53,418174,2015,38372740,5325893,32.02667781409136,310439,279676,1891094,1897848,99.52,99.13,97.66,99.78,98.36,93.23,98.51,102.61,103.76,652804,381979,31.13,119.55,0.12,14789,754450,742099,108057,107819,49601,48440,581657,542267,85958,84692,4241663,4157711,911932,898358,31971,38669,2394699,2484848,3727960,2909917,2985741,4327621,4242403,0.017797026222473266,-0.009963458321141717,98.03083495527912,120.9502361515123,98.52718769631682,1317219,64610928,17138686,100.1762513,99.97050581721005,NA,125.3,1.875,1.36,0.39,0.02,2.883,55513524,11170,11591,3.63,25170732,37151095,65505086,90.09,100.35714776737699,11178,4241663,379.46528896045805,98.02,59.38954545,23455.425,NA,NA,9679.93,86.57,6129840,0.3503818661848152,27765.644,2484848,1.1173980863215778,1054375992,1959319,0.99911505,7527227.841193171,104.92,140742,NA,673723187.8059348,103.72,256.3156288
2015-05-31,6.39,145326,6.81,418958,2015,38590023,5048582,NA,NA,NA,NA,NA,99.43,99.07,NA,NA,NA,NA,NA,NA,NA,NA,383278,30.717,120.69,0.12,NA,NA,NA,NA,NA,NA,NA,NA,NA,NA,NA,NA,NA,NA,NA,NA,NA,NA,NA,NA,NA,NA,NA,NA,NA,NA,NA,NA,NA,NA,64610928,17138686,NA,NA,NA,NA,1.875,1.36,0.39,0.02,2.883,55513524,11179,11600,3.62,25182581,178923639,114248969,NA,NA,NA,NA,NA,NA,64.56142857,NA,NA,NA,9689.3,88.74000000000001,6129840,0.3503818661848152,NA,NA,NA,1030520712,1758894,0.99911505,7527227.841193171,104.92,161793,NA,679973765.5197217,103.21,256.3156288
2015-06-30,5.67,145491,6.53,421411,2015,38125415,5184222,NA,NA,NA,NA,NA,99.56,99.17,NA,NA,NA,NA,NA,NA,NA,NA,382269,31.113,123.75,0.13,NA,NA,NA,NA,NA,NA,NA,NA,NA,NA,NA,NA,NA,NA,NA,NA,NA,NA,NA,NA,NA,NA,NA,NA,NA,NA,NA,NA,NA,NA,64610928,17138686,NA,NA,95.9,NA,1.875,1.36,0.39,0.02,2.883,55513524,11185,11617,3.71,25107048,420439924,24925667,NA,NA,NA,NA,NA,NA,62.34590909,NA,NA,NA,9355.1,90.19,6129840,0.3503818661848152,NA,NA,NA,1031434341,1758921,0.99911505,7527227.841193171,104.92,62215,NA,701026193.8046062,103.52,256.3156288
2015-07-31,5.22,146476,6.06,421956,2015,38488008,5587586,33.55590180132249,326861,309824,1896550,1905782,99.69,99.36,98.53,99.78,98.71,94.62,98.91,101.56,101.35,657952,384571,31.343,123.24,0.13,8411,810895,800430,107392,107152,43173,42537,608464,575749,30011,30239,4326715,4286649,960588,950119,11886,8253,2461224,2494569,3806361,2984780,3031491,4356726,4316888,0.020051569396248595,0.006725404096153522,99.0855977630909,69.43462897526503,100.75972143547366,1377362,64610928,17138686,100.1173074,100.6580751501791,NA,122.3,1.875,1.36,0.39,0.03,2.883,55513524,11211,11656,3.82,25299488,2443410,102319949,94.79,100.48677862434421,11218,4326715,385.6939739704047,99.07,55.86565217,23465.155,NA,NA,8963.88,104.69,6129840,0.3503818661848152,27957.8,2494569,1.1207467101531368,1037644728,1751656,0.99911505,7527227.841193171,104.92,102905,NA,688364107.4492577,102.56,256.3156288
2015-08-31,5.67,148948,6.01,424791,2015,39085821,6601441,NA,NA,NA,NA,NA,99.5,99.21,NA,NA,NA,NA,NA,NA,NA,NA,386753,32.387,123.23,0.14,NA,NA,NA,NA,NA,NA,NA,NA,NA,NA,NA,NA,NA,NA,NA,NA,NA,NA,NA,NA,NA,NA,NA,NA,NA,NA,NA,NA,NA,NA,64610928,17138686,NA,NA,NA,NA,1.875,1.36,0.37,0.07,2.883,55513524,11230,11686,3.9,25416489,88208144,29675626,NA,NA,NA,NA,NA,NA,46.99428571,NA,NA,NA,8156.22,92.93,6129840,0.3503818661848152,NA,NA,NA,974603306,1796753,0.99911505,7527227.841193171,104.92,110440,NA,681745960.8159536,103.02,256.3156288
2015-09-30,5.76,148841,6.5,426325,2015,39303419,6105738,NA,NA,NA,NA,NA,99.26,99.11,NA,NA,NA,NA,NA,NA,NA,NA,387227,32.889,120.29,0.14,NA,NA,NA,NA,NA,NA,NA,NA,NA,NA,NA,NA,NA,NA,NA,NA,NA,NA,NA,NA,NA,NA,NA,NA,NA,NA,NA,NA,NA,NA,64610928,17138686,NA,NA,95.2,NA,1.75,1.28,0.32,0.02,2.883,55513524,11213,11667,3.89,25611075,95365546,97699106,NA,NA,NA,NA,NA,NA,47.23454545,NA,NA,NA,8205.51,91.6,6129840,0.3503818661848152,NA,NA,NA,985442702,1492838,0.99911505,7527227.841193171,104.92,160376,NA,677045786.853414,102.98,256.3156288
2015-10-31,5.81,149126,6.58,426774,2015,39232833,5885319,36.59135821235844,287422,284695,1949427,1948521,99.91,99.62,98.36,98.64,98.26,93.61,98.31,100.09,99.76,663468,389099,32.727,120.06,0.12,21067,722534,709946,144413,142454,73106,71904,661180,618929,126682,126100,4447363,4394740,940214,924304,-2651,-3969,2543110,2536988,3833990,3156516,3159248,4574045,4520840,0.027884434264794422,0.0498812640501147,98.83680637160325,149.71708789136176,99.5405819295559,1329356,64610928,17138686,99.72880405,100.69161190571832,NA,119.8,1.75,NA,NA,0.02,2.857,55513524,11225,11680,3.9,25546196,168209917,25817703,99.05,99.95352480498116,11234,4447363,395.88419084920776,98.82,48.12409091,23480.411,NA,NA,8551.14,86.13,6129840,0.3503818661848152,29408.383,2536988,1.1591849468740096,1021599333,1687299,0.99911505,7527227.841193171,104.92,187300,NA,630115351.7195523,101.76,256.3156288
2015-11-30,5.75,149442,6.39,424611,2015,38977917,5460350,NA,NA,NA,NA,NA,99.68,99.49,NA,NA,NA,NA,NA,NA,NA,NA,390020,32.802,122.53,0.12,NA,NA,NA,NA,NA,NA,NA,NA,NA,NA,NA,NA,NA,NA,NA,NA,NA,NA,NA,NA,NA,NA,NA,NA,NA,NA,NA,NA,NA,NA,64610928,17138686,NA,NA,NA,NA,1.75,1.28,0.3,0.12,2.829,55513524,11235,11692,3.91,25614663,87246718,102033446,NA,NA,NA,NA,NA,NA,44.41714286,NA,NA,NA,8502.6,87.04,6129840,0.3503818661848152,NA,NA,NA,950254822,1673178,0.99911505,7527227.841193171,104.92,69788,NA,608963321.3658998,100.86,256.3156288
2015-12-31,5.74,152926,5.68,426031,2015,39338359,6112540,NA,NA,NA,NA,NA,99.48,99.36,NA,NA,NA,NA,NA,NA,NA,NA,393558,33.006,121.92,0.24,NA,NA,NA,NA,NA,NA,NA,NA,NA,NA,NA,NA,NA,NA,NA,NA,NA,NA,NA,NA,NA,NA,NA,NA,NA,NA,NA,NA,NA,NA,64610928,17138686,NA,NA,NA,NA,1.625,1.21,0.28,0.23,2.829,55513524,11242,11695,3.87,25820298,100400671,40863087,NA,NA,NA,NA,NA,NA,37.72173913,NA,NA,NA,8298.22,92.72,6129840,0.3503818661848152,NA,NA,NA,973821648,1550328,0.99911505,7527227.841193171,104.92,135226,NA,637370602.5336591,100.22,256.3156288
2016-01-31,6.64,153822,5.63,425978,2016,39794047,6273745,30.859998479896632,301991,296698,1947811,1940724,99.18,99.21,101.48,104.35,101.6,116.11,101.95,101.87,99.9,667811,396048,33.644,118.31,0.34,14050,774588,786949,79132,82577,27137,27539,578160,671308,199386,197836,4163911,4318253,879942,897065,-12620,-11849,2244551,2242300,3693805,2715829,2766607,4363297,4516089,-0.06373484691939921,-0.04607475440228507,103.50175566778974,93.8906497622821,99.22261342320925,1307216,59369992,-54387623,100.2268575,101.09467849413439,95.1,118.1,1.625,1.21,0.23,0.26,2.802,58464775,11244,11697,3.87,25785650,39208955,93897301,98.25,99.63615566397355,11237,4163911,370.5536175135712,103.71,30.80333333,23494.444,NA,NA,7871.48,158.38000000000002,6208230,0.34477890622166807,27149.35,2242300,1.2107813405877892,949444286,1503635,1.016910195,7746581.76,100,116027,NA,598939350.1554235,100.01,248.5166148
2016-01-31,6.64,153822,5.63,425978,2016,39794047,6273745,30.859998479896632,301991,296698,1947811,1940724,99.18,99.21,101.48,104.35,101.6,116.11,101.95,101.87,99.9,667811,396048,33.644,118.31,0.34,14050,774588,786949,79132,82577,27137,27539,578160,671308,199386,197836,4163911,4318253,879942,897065,-12620,-11849,2244551,2242300,3693805,2715829,2766607,4363297,4516089,-0.06373484691939921,-0.04607475440228507,103.50175566778974,93.8906497622821,99.22261342320925,1307216,59369992,-54387623,100.2268575,101.09467849413439,95.1,118.1,1.625,1.04,0.18,0.26,2.802,58464775,11244,11697,3.87,25785650,39208955,93897301,98.25,99.63615566397355,11237,4163911,370.5536175135712,103.71,30.80333333,23494.444,NA,NA,7871.48,158.38000000000002,6208230,0.34477890622166807,27149.35,2242300,1.2107813405877892,949444286,1503635,1.016910195,7746581.76,100,116027,NA,598939350.1554235,100.01,248.5166148
2016-02-29,6.74,154369,5.17,428816,2016,39536952,3822685,NA,NA,NA,NA,NA,100.41,100.22,NA,NA,NA,NA,NA,NA,NA,NA,396957,33.552,115.09,0.38,NA,NA,NA,NA,NA,NA,NA,NA,NA,NA,NA,NA,NA,NA,NA,NA,NA,NA,NA,NA,NA,NA,NA,NA,NA,NA,NA,NA,NA,NA,59369992,-54387623,NA,NA,NA,NA,1.625,1.21,0.2,0.31,2.76,58464775,11231,11693,3.95,25817983,41298573,21554971,NA,NA,NA,NA,NA,NA,33.19809524,NA,NA,NA,8246.53,119.61999999999999,6208230,0.34477890622166807,NA,NA,NA,758711554,954351,1.016910195,7746581.76,100,138658,NA,594172719.07265,99.7,248.5166148
2016-03-31,4.62,153823,4.81,431601,2016,39481882,6173809,NA,NA,NA,NA,NA,99.26,99.37,NA,NA,NA,NA,NA,NA,NA,NA,397839,32.855,113.07,0.36,NA,NA,NA,NA,NA,NA,NA,NA,NA,NA,NA,NA,NA,NA,NA,NA,NA,NA,NA,NA,NA,NA,NA,NA,NA,NA,NA,NA,NA,NA,59369992,-54387623,NA,NA,95.2,NA,1.5,1.13,0.2,0.29,2.76,58464775,11237,11692,3.89,25886126,51735998,97808219,NA,NA,NA,NA,NA,NA,39.07173913,NA,NA,NA,8687.65,86.24000000000001,6208230,0.34477890622166807,NA,NA,NA,1003015827,1874629,1.016910195,7746581.76,100,148839,NA,567108827.6820432,99.57,248.5166148
2016-04-30,4.91,154663,4.65,433184,2016,39787021,4808933,34.46986395074865,297609,289921,1948775,1951351,100.1,100.02,100.93,99.24,99.67,95.08,99.71,101.04,101.97,671764,400008,32.355,109.97,0.37,14327,775755,773190,102232,101455,47548,47988,594539,565295,128826,128495,4313374,4258596,925334,922633,14881,14054,2314310,2359813,3782019,2845608,2875155,4442200,4387091,0.035894859424228806,0.01808334385672119,98.75942100760884,94.44257778375109,99.74306428826479,1361417,59369992,-54387623,100.3781151,102.26325225512664,NA,120.9,1.5,1.13,0.2,0.23,2.714,58464775,11242,11693,3.86,25792405,34682394,65490841,97.42,100.13218560377672,11247,4313374,383.51329243353786,98.73,42.24761905,23502.588,NA,NA,8567.99,86.16,6208230,0.34477890622166807,28972.337,2359813,1.2277386809887054,935734081,1304485,1.016910195,7746581.76,100,153872,NA,555562498.3640397,99.36,248.5166148
2016-05-31,5.46,153644,4.14,433432,2016,39558950,5622380,NA,NA,NA,NA,NA,100.04,99.97,NA,NA,NA,NA,NA,NA,NA,NA,398939,32.573,109.06,0.37,NA,NA,NA,NA,NA,NA,NA,NA,NA,NA,NA,NA,NA,NA,NA,NA,NA,NA,NA,NA,NA,NA,NA,NA,NA,NA,NA,NA,NA,NA,59369992,-54387623,NA,NA,NA,NA,1.5,1.13,0.2,0.27,2.686,58464775,11247,11695,3.84,25778337,216323177,118530161,NA,NA,NA,NA,NA,NA,47.13272727,NA,NA,NA,8235.47,91.29,6208230,0.34477890622166807,NA,NA,NA,983218675,1400333,1.016910195,7746581.76,100,114564,NA,572018995.64672935,100.32,248.5166148
2016-06-30,6.55,154085,4.42,433552,2016,39586983,5707537,NA,NA,NA,NA,NA,100,99.97,NA,NA,NA,NA,NA,NA,NA,NA,400661,32.4,105.49,0.38,NA,NA,NA,NA,NA,NA,NA,NA,NA,NA,NA,NA,NA,NA,NA,NA,NA,NA,NA,NA,NA,NA,NA,NA,NA,NA,NA,NA,NA,NA,59369992,-54387623,NA,NA,95.3,NA,1.5,1.13,0.2,0.27,2.686,58464775,11251,11710,3.92,25854755,417148398,29305833,NA,NA,NA,NA,NA,NA,48.47818182,NA,NA,NA,8595.42,91.22,6208230,0.34477890622166807,NA,NA,NA,998028126,1366709,1.016910195,7746581.76,100,118160,NA,575241087,100.62,248.5166148
2016-07-31,6.52,155741,4.7,434087,2016,39845135,5732843,36.29455802994604,318161,313567,1971272,1976833,100.23,100.15,100.29,99.34,99.86,95.6,99.84,98.36,99.33,677352,403270,32.124,103.97,0.39,11834,855251,854033,109742,109018,39920,40035,629654,601924,20007,20444,4456444,4393874,1004728,1003086,-6142,-6313,2452667,2436336,3919421,2990296,2941113,4476451,4414318,0.03316892993744572,0.007710368736211787,98.61200312479686,102.78410941061544,102.18423551756885,1487645,59369992,-54387623,100.6013164,103.19324975125556,NA,120.5,1.375,1.04,0.18,0.3,2.681,58464775,11275,11747,4.02,25934929,14208704,101686019,98.56,100.28210211477666,11280,4456444,395.07482269503544,98.6,45.07095238,23513.94,NA,NA,8899.74,100.88,6208230,0.34477890622166807,28308.984,2436336,1.1619490907658059,974222406,1545740,1.016910195,7746581.76,100,120921,NA,595114643.4377593,100.01,248.5166148
2016-08-31,5.9,158611,4.51,435862,2016,40110265,6482168,NA,NA,NA,NA,NA,100.06,99.97,NA,NA,NA,NA,NA,NA,NA,NA,403721,31.577,101.27,0.4,NA,NA,NA,NA,NA,NA,NA,NA,NA,NA,NA,NA,NA,NA,NA,NA,NA,NA,NA,NA,NA,NA,NA,NA,NA,NA,NA,NA,NA,NA,59369992,-54387623,NA,NA,NA,NA,1.375,1.04,0.18,0.3,2.639,58464775,11290,11770,4.08,26181190,96653551,29927885,NA,NA,NA,NA,NA,NA,46.14434783,NA,NA,NA,9093.75,96.73,6208230,0.34477890622166807,NA,NA,NA,1010749179,1598099,1.016910195,7746581.76,100,128849,NA,561391463.4762298,98.92,248.5166148
2016-09-30,6.11,157644,4.05,436726,2016,39933866,5619712,NA,NA,NA,NA,NA,99.94,100.06,NA,NA,NA,NA,NA,NA,NA,NA,402932,31.483,101.94,0.4,NA,NA,NA,NA,NA,NA,NA,NA,NA,NA,NA,NA,NA,NA,NA,NA,NA,NA,NA,NA,NA,NA,NA,NA,NA,NA,NA,NA,NA,NA,59369992,-54387623,NA,NA,96.1,NA,1.375,1.04,0.18,0.29,2.639,58464775,11276,11745,3.99,26349185,133740272,100199579,NA,NA,NA,NA,NA,NA,46.18863636,NA,NA,NA,9130.87,93.26,6208230,0.34477890622166807,NA,NA,NA,957077467,1299492,1.016910195,7746581.76,100,139970,NA,597031023.777243,99.09,248.5166148
2016-10-31,5.74,158862,3.98,435263,2016,39891495,5425204,40.20027361860607,277415,294990,2019041,2017991,100.57,100.57,98.67,98.76,98.88,94.68,98.72,99.04,98.97,684029,404146,31.571,103.82,0.4,18319,767229,758651,157008,155064,72025,71068,679889,643715,102922,104366,4621539,4584545,997563,984783,-6120,-5893,2603215,2576294,3966638,3256395,3225253,4724461,4688911,0.03704635355005022,0.05540326477381301,99.24753321066679,96.29084967320262,101.40300421678552,1499428,59369992,-54387623,100.8801536,104.20911933903841,NA,121.3,1.375,NA,NA,0.33,2.631,58464775,11291,11755,3.95,26350733,150537134,24471700,106.34,99.94799511253115,11304,4621539,408.8410297239915,99.2,49.73238095,23529.667,NA,NA,9273.74,88.8,6208230,0.34477890622166807,30540.406,2576294,1.1854394723583566,991997319,1206409,1.016910195,7746581.76,100,140341,NA,590885903.533244,99.9,248.5166148
2016-11-30,6,158351,3.96,434348,2016,39961162,5822704,NA,NA,NA,NA,NA,100.21,100.31,NA,NA,NA,NA,NA,NA,NA,NA,404780,31.758,107.62,0.41,NA,NA,NA,NA,NA,NA,NA,NA,NA,NA,NA,NA,NA,NA,NA,NA,NA,NA,NA,NA,NA,NA,NA,NA,NA,NA,NA,NA,NA,NA,59369992,-54387623,NA,NA,NA,NA,1.375,1.04,0.18,0.45,2.631,58464775,11307,11762,3.87,26441800,99411328,107664863,NA,NA,NA,NA,NA,NA,46.43590909,NA,NA,NA,9098.39,91.52,6208230,0.34477890622166807,NA,NA,NA,1031397169,1475398,1.016910195,7746581.76,100,133574,NA,603330700.9248576,100.47,248.5166148
2016-12-31,5.92,161777,4.11,434204,2016,40286826,5326203,NA,NA,NA,NA,NA,99.99,100.17,NA,NA,NA,NA,NA,NA,NA,NA,407174,32.012,115.9,0.54,NA,NA,NA,NA,NA,NA,NA,NA,NA,NA,NA,NA,NA,NA,NA,NA,NA,NA,NA,NA,NA,NA,NA,NA,NA,NA,NA,NA,NA,NA,59369992,-54387623,NA,NA,NA,NA,1.375,1.04,0.17,0.51,2.631,58464775,11315,11761,3.79,26617842,95098802,43490796,NA,NA,NA,NA,NA,NA,54.06636364,NA,NA,NA,9245.26,96.16999999999999,6208230,0.34477890622166807,NA,NA,NA,1047882175,1241859,1.016910195,7746581.76,100,157487,NA,643822524.971206,102.01,248.5166148
2017-01-31,8,163240,3.72,436589,2017,40304220,4551721,34.557269894352814,305218,298442,1999813,1994290,100.71,100.83,99.11,104.83,102.16,117.38,102.3,100.6,100.56,687744,407269,31.742,114.75,0.65,16868,801209,818526,86048,90207,32235,31948,554373,650746,181974,182008,4298922,4405269,919492,940681,12012,9310,2325116,2338200,3790908,2833130,2850000,4480896,4587277,-0.06980726550181661,-0.05155402912628552,102.37410107264262,77.50582750582751,100.01868398782243,1409091,55815191,-25031593,102.0366295,105.29855908687844,96.6,122.1,1.375,1.04,0.17,0.51,2.631,61480232,11320,11765,3.78,26742814,40024014,92307030,97.78,99.7238241775606,11313,4298922,379.9984089101034,102.47,54.89272727,23542.748,NA,NA,9351.71,193.57,6206697,0.3367584685298036,26140.105,2338200,1.117958472329142,977013844,1033495,1.02834785,7923191.76068386,107.41,115209,NA,668513773.0849541,102.76,274.9324851
2017-01-31,8,163240,3.72,436589,2017,40304220,4551721,34.557269894352814,305218,298442,1999813,1994290,100.71,100.83,99.11,104.83,102.16,117.38,102.3,100.6,100.56,687744,407269,31.742,114.75,0.65,16868,801209,818526,86048,90207,32235,31948,554373,650746,181974,182008,4298922,4405269,919492,940681,12012,9310,2325116,2338200,3790908,2833130,2850000,4480896,4587277,-0.06980726550181661,-0.05155402912628552,102.37410107264262,77.50582750582751,100.01868398782243,1409091,55815191,-25031593,102.0366295,105.29855908687844,96.6,122.1,1.375,1.04,0.18,0.51,2.631,61480232,11320,11765,3.78,26742814,40024014,92307030,97.78,99.7238241775606,11313,4298922,379.9984089101034,102.47,54.89272727,23542.748,NA,NA,9351.71,193.57,6206697,0.3367584685298036,26140.105,2338200,1.117958472329142,977013844,1033495,1.02834785,7923191.76068386,107.41,115209,NA,668513773.0849541,102.76,274.9324851
2017-02-28,3.62,161590,3.56,437661,2017,40565857,4758707,NA,NA,NA,NA,NA,100,100.37,NA,NA,NA,NA,NA,NA,NA,NA,410226,30.898,113.07,0.66,NA,NA,NA,NA,NA,NA,NA,NA,NA,NA,NA,NA,NA,NA,NA,NA,NA,NA,NA,NA,NA,NA,NA,NA,NA,NA,NA,NA,NA,NA,55815191,-25031593,NA,NA,NA,NA,1.375,1.04,0.18,0.52,2.631,61480232,11307,11760,3.85,26755177,47805561,20255891,NA,NA,NA,NA,NA,NA,55.4935,NA,NA,NA,9673.98,92.53,6206697,0.3367584685298036,NA,NA,NA,892827242,1773797,1.02834785,7923191.76068386,107.41,107045,NA,687668176.2539428,102.16,274.9324851
2017-03-31,4.63,160598,3.64,437526,2017,40681822,6145741,NA,NA,NA,NA,NA,99.95,100.32,NA,NA,NA,NA,NA,NA,NA,NA,411098,30.658,113.01,0.79,NA,NA,NA,NA,NA,NA,NA,NA,NA,NA,NA,NA,NA,NA,NA,NA,NA,NA,NA,NA,NA,NA,NA,NA,NA,NA,NA,NA,NA,NA,55815191,-25031593,NA,NA,96.5,NA,1.375,1.04,0.18,0.74,2.631,61480232,11313,11758,3.78,26773785,44012769,102662463,NA,NA,NA,NA,NA,NA,51.96826087,NA,NA,NA,9796.3,88.8,6206697,0.3367584685298036,NA,NA,NA,1073358596,1971505,1.02834785,7923191.76068386,107.41,122263,NA,679023813.5006425,101.27,274.9324851
2017-04-30,5.14,160368,3.63,438426,2017,40751864,4734512,38.37310937143726,300320,289418,1991733,1989651,100.77,101.03,97.22,99.45,98.33,95.22,98.41,98.49,100.26,691780,412728,30.39,110.06,0.9,15999,777427,764418,111132,110526,43674,42460,604306,575428,103320,103736,4427293,4306257,932233,917404,52075,37601,2362785,2368854,3880667,2909411,2865609,4530613,4409993,0.029861207065399187,0.011095325577741594,97.33766711038882,72.2054728756601,100.40263259775455,1384068,55815191,-25031593,102.4171821,106.21060300576191,NA,121.6,1.375,1.04,0.18,0.8,2.63,61480232,11325,11757,3.67,26854799,40947810,62204743,96.37,99.89546791663341,11331,4427293,390.7239431647692,97.27,53.0635,23549.075,NA,NA,9801.37,88.64999999999999,6206697,0.3367584685298036,27826.957,2368854,1.1747012268379562,926185068,1515156,1.02834785,7923191.76068386,107.41,83764,NA,686966975.6229043,100.34,274.9324851
2017-05-31,4.91,160568,4.07,440253,2017,41050584,4936817,NA,NA,NA,NA,NA,100.77,101.08,NA,NA,NA,NA,NA,NA,NA,NA,412758,30.156,112.26,0.91,NA,NA,NA,NA,NA,NA,NA,NA,NA,NA,NA,NA,NA,NA,NA,NA,NA,NA,NA,NA,NA,NA,NA,NA,NA,NA,NA,NA,NA,NA,55815191,-25031593,NA,NA,NA,NA,1.375,1.04,0.17,0.89,2.63,61480232,11331,11762,3.66,26967415,181805612,122913212,NA,NA,NA,NA,NA,NA,50.87086957,NA,NA,NA,9993.66,101.41000000000001,6206697,0.3367584685298036,NA,NA,NA,993473058,1682238,1.02834785,7923191.76068386,107.41,102742,NA,677173353.7476715,99.03,274.9324851
2017-06-30,4.22,161592,3.71,441943,2017,41077132,5828140,NA,NA,NA,NA,NA,100.6,100.95,NA,NA,NA,NA,NA,NA,NA,NA,414318,30.265,110.91,1.04,NA,NA,NA,NA,NA,NA,NA,NA,NA,NA,NA,NA,NA,NA,NA,NA,NA,NA,NA,NA,NA,NA,NA,NA,NA,NA,NA,NA,NA,NA,55815191,-25031593,NA,NA,96.3,NA,1.375,1.04,0.18,0.98,2.63,61480232,11337,11777,3.74,26985297,455100660,35732998,NA,NA,NA,NA,NA,NA,46.89454545,NA,NA,NA,10259,88.6,6206697,0.3367584685298036,NA,NA,NA,1030758337,2012367,1.02834785,7923191.76068386,107.41,177606,NA,657202331.2851712,98.87,274.9324851
2017-07-31,5.18,163256,3.6,444452,2017,41149942,4929266,40.432659420840615,318555,314700,2034269,2037152,100.79,101.07,98.87,100.64,99.53,96.67,99.64,96.66,97.73,696677,414807,30.435,112.39,1.15,14537,824552,820715,116655,117401,39611,39165,640387,619087,-50917,-50772,4617188,4556280,980818,977281,-58666,-43410,2517514,2460263,3915363,3219339,3111733,4566271,4505508,0.04289189805147299,0.007870458147716435,98.66930806340666,73.99515903589814,99.7152228135986,1560443,55815191,-25031593,102.9983218,107.61009861833588,NA,123.9,1.375,1.04,0.18,1.07,2.631,61480232,11360,11813,3.84,27158986,14828700,106009434,98.79,100.14172167004463,11368,4617188,406.15657987332867,98.68,48.69,23554.969,NA,NA,10425.92,109.51,6206697,0.3367584685298036,30375.447,2460263,1.2346422719847432,988632427,1882992,1.02834785,7923191.76068386,107.41,165168,NA,675312232.6388384,99.35,274.9324851
2017-08-31,5.2,166075,3.75,446426,2017,41467534,5580014,NA,NA,NA,NA,NA,100.58,100.94,NA,NA,NA,NA,NA,NA,NA,NA,417504,30.263,109.91,1.16,NA,NA,NA,NA,NA,NA,NA,NA,NA,NA,NA,NA,NA,NA,NA,NA,NA,NA,NA,NA,NA,NA,NA,NA,NA,NA,NA,NA,NA,NA,55815191,-25031593,NA,NA,NA,NA,1.375,1.04,0.18,1.01,2.631,61480232,11377,11838,3.89,27385021,113023203,23316504,NA,NA,NA,NA,NA,NA,51.36956522,NA,NA,NA,10436.35,96.73,6206697,0.3367584685298036,NA,NA,NA,1073409309,2417812,1.02834785,7923191.76068386,107.41,174671,NA,678163131.0082167,100.08,274.9324851
2017-09-30,4.77,164810,3.8,447221,2017,41468232,5313493,NA,NA,NA,NA,NA,100.38,100.87,NA,NA,NA,NA,NA,NA,NA,NA,416588,30.15,110.72,1.15,NA,NA,NA,NA,NA,NA,NA,NA,NA,NA,NA,NA,NA,NA,NA,NA,NA,NA,NA,NA,NA,NA,NA,NA,NA,NA,NA,NA,NA,NA,55815191,-25031593,NA,NA,95.8,NA,1.375,1.04,0.18,1.03,2.631,61480232,11366,11811,3.77,27516774,174722232,105752342,NA,NA,NA,NA,NA,NA,55.16285714,NA,NA,NA,10500.6,94.03,6206697,0.3367584685298036,NA,NA,NA,1051763554,2514053,1.02834785,7923191.76068386,107.41,198907,NA,666644183.0514218,100.99,274.9324851
2017-10-31,5.23,165887,3.85,447787,2017,41514025,4730770,44.734551949532566,285752,291896,2091576,2110127,101.38,101.7,98.14,100.55,99.43,95.29,99.52,96.75,98.54,702138,418123,30.259,112.96,1.15,23939,732719,728551,160341,161225,72070,70727,672982,641291,208883,212389,4793186,4715541,965130,960503,-34367,-28081,2565717,2528361,3981073,3377830,3268166,5002069,4927930,0.038118006024446045,0.0954384879916238,98.51783332057195,81.70919777693719,101.67845157336883,1519611,55815191,-25031593,103.4581691,109.2957485728806,NA,124.7,1.375,NA,NA,1.07,2.632,61480232,11382,11825,3.75,27559852,113656597,22234587,102.15,100.8869388442017,11395,4793186,420.63940324703816,98.38,57.61772727,23564.347,NA,NA,10683.85,92.22,6206697,0.3367584685298036,30614.334,2528361,1.2108371391585298,1039351987,2156410,1.02834785,7923191.76068386,107.41,160400,NA,673440662.6180848,101.55,274.9324851
2017-11-30,4.83,165523,4.07,450469,2017,41794371,5272453,NA,NA,NA,NA,NA,101.2,101.6,NA,NA,NA,NA,NA,NA,NA,NA,419907,30.11,112.99,1.16,NA,NA,NA,NA,NA,NA,NA,NA,NA,NA,NA,NA,NA,NA,NA,NA,NA,NA,NA,NA,NA,NA,NA,NA,NA,NA,NA,NA,NA,NA,55815191,-25031593,NA,NA,NA,NA,1.375,1.04,0.18,1.23,2.632,61480232,11398,11837,3.71,27711727,97446949,107942941,NA,NA,NA,NA,NA,NA,62.57545455,NA,NA,NA,10743.3,94.41000000000001,6206697,0.3367584685298036,NA,NA,NA,1066954290,2728135,1.02834785,7923191.76068386,107.41,179140,NA,704494595.269202,102.04,274.9324851
2017-12-31,4.84,167414,3.6,451500,2017,42031118,4801835,NA,NA,NA,NA,NA,101.31,101.74,NA,NA,NA,NA,NA,NA,NA,NA,420940,29.983,112.95,1.3,NA,NA,NA,NA,NA,NA,NA,NA,NA,NA,NA,NA,NA,NA,NA,NA,NA,NA,NA,NA,NA,NA,NA,NA,NA,NA,NA,NA,NA,NA,55815191,-25031593,NA,NA,NA,NA,1.375,1.04,0.18,1.32,2.632,61480232,11405,11838,3.66,27775040,86432092,40107657,NA,NA,NA,NA,NA,NA,64.21190476,NA,NA,NA,10501.4,97.3,6206697,0.3367584685298036,NA,NA,NA,1072815589,2284278,1.02834785,7923191.76068386,107.41,184446,NA,733570318.0216026,102.33,274.9324851
2018-01-31,1.47,168517,3.42,455724,2018,42604545,6394202,38.38945048263282,311754,307888,2059548,2072431,101.13,101.66,99.78,106.44,103.59,115.16,103.72,97.4,99.86,706050,423459,29.44,110.77,1.41,13990,805114,833995,87346,92970,31265,31197,593565,683557,224383,227899,4437812,4491283,923814,958162,18620,12708,2359298,2355899,3907090,2887558,2812436,4662195,4719182,-0.07414150003776195,-0.06794668366230054,101.22232124567934,68.24919441460796,101.56696362915194,1389779,52308130,3119521,102.9688402,110.63595128945383,95.5,126.3,1.375,1.04,0.18,1.41,2.631,NA,11409,11839,3.63,27777118,42629849,104820575,98.76,100.62552560076287,11403,4437812,389.179338770499,101.2,68.98652174,23571.609,NA,NA,11005.38,118.49000000000001,6232598,0.3322689166662935,27929.53,2355899,1.1855147440531193,1084922318,2804863,NA,8574893.348702345,115.05,80064,NA,660985301.787746,102.01,301.9904309
2018-02-28,5.5,170563,3.78,456721,2018,42575261,3889146,NA,NA,NA,NA,NA,102.4,102.78,NA,NA,NA,NA,NA,NA,NA,NA,423913,29.308,107.9,1.42,NA,NA,NA,NA,NA,NA,NA,NA,NA,NA,NA,NA,NA,NA,NA,NA,NA,NA,NA,NA,NA,NA,NA,NA,NA,NA,NA,NA,NA,NA,52308130,3119521,NA,NA,NA,NA,1.375,1.04,0.18,1.57,2.631,NA,11397,11835,3.7,27895981,39209931,16984612,NA,NA,NA,NA,NA,NA,65.422,NA,NA,NA,10717.94,184.15,6232598,0.3322689166662935,NA,NA,NA,852133972,1651045,NA,8574893.348702345,115.05,87181,NA,658513152.9256456,101.95,301.9904309
2018-03-31,6.31,169103,3.6,457188,2018,42824126,5711659,NA,NA,NA,NA,NA,101.29,101.88,NA,NA,NA,NA,NA,NA,NA,NA,424699,29.216,106,1.51,NA,NA,NA,NA,NA,NA,NA,NA,NA,NA,NA,NA,NA,NA,NA,NA,NA,NA,NA,NA,NA,NA,NA,NA,NA,NA,NA,NA,NA,NA,52308130,3119521,NA,NA,96.4,NA,1.375,1.04,0.18,1.7,2.631,NA,11403,11836,3.66,28054346,57323710,110199976,NA,NA,NA,NA,NA,NA,66.44545455,NA,NA,NA,10903.89,92,6232598,0.3322689166662935,NA,NA,NA,1117441337,2605136,NA,8574893.348702345,115.05,173941,NA,663574886.0151913,101.86,301.9904309
2018-04-30,5.65,169875,3.59,457132,2018,42914066,4865099,42.55567378581743,306106,299066,2049816,2075209,101.91,102.37,99.42,101.89,100.75,100.58,100.82,99.18,104.2,709616,426563,29.394,107.52,1.69,13654,781458,787326,109840,111911,45974,45709,642977,646699,78742,80570,4578036,4472511,937255,944946,27883,19785,2407748,2508853,3964046,3020286,2995659,4656778,4553081,0.03159755302838426,-0.001161899062566023,97.77320284540083,70.95721407309114,102.32150567676716,1442562,52308130,3119521,103.4791776,112.54005106591065,NA,128,1.375,1.04,0.18,1.76,2.631,NA,11406,11836,3.64,28052846,37758168,66825999,97.7,101.23879411615482,11412,4578036,401.1598317560463,97.69,71.62761905,23573.132,NA,NA,10795.84,91.42,6232598,0.3322689166662935,29771.201,2508853,1.186645889575834,1010572430,2240188,NA,8574893.348702345,115.05,120244,NA,670863601.4329321,102.83,301.9904309
2018-05-31,6.23,169864,3.73,457276,2018,43479365,5872939,NA,NA,NA,NA,NA,101.59,102.16,NA,NA,NA,NA,NA,NA,NA,NA,429154,29.878,109.7,1.7,NA,NA,NA,NA,NA,NA,NA,NA,NA,NA,NA,NA,NA,NA,NA,NA,NA,NA,NA,NA,NA,NA,NA,NA,NA,NA,NA,NA,NA,NA,52308130,3119521,NA,NA,NA,NA,1.375,1.04,0.19,1.86,2.631,NA,11411,11841,3.63,28371559,248080692,130892424,NA,NA,NA,NA,NA,NA,76.64695652,NA,NA,NA,10817.68,97.51,6232598,0.3322689166662935,NA,NA,NA,1112085334,2906530,NA,8574893.348702345,115.05,131984,NA,699816014.8575584,104.56,301.9904309
2018-06-30,7.25,170357,4.1,457123,2018,43347764,5509432,NA,NA,NA,NA,NA,101.8,102.37,NA,NA,NA,NA,NA,NA,NA,NA,430113,30.08,110.03,1.82,NA,NA,NA,NA,NA,NA,NA,NA,NA,NA,NA,NA,NA,NA,NA,NA,NA,NA,NA,NA,NA,NA,NA,NA,NA,NA,NA,NA,NA,NA,52308130,3119521,NA,NA,96.5,NA,1.375,1.04,0.19,1.9,2.631,NA,11418,11857,3.7,28488392,446515450,32420903,NA,NA,NA,NA,NA,NA,75.19142857,NA,NA,NA,10986.51,96.97,6232598,0.3322689166662935,NA,NA,NA,1082509713,3002152,NA,8574893.348702345,115.05,156354,NA,686759755.9362679,105.45,301.9904309
2018-07-31,6.42,173058,3.68,458496,2018,43273545,5858059,44.55308961009349,323132,323358,2059194,2092570,102.06,102.59,99.81,103.32,102.08,93.94,102.12,99.13,104.67,714584,431036,30.565,111.42,1.91,7046,873026,891147,120151,124144,48813,48719,632974,594610,-48278,-48824,4731031,4592725,1041958,1064010,31145,24456,2586056,2706927,4088179,3228790,3200648,4682753,4543901,0.03341935275301461,0.00557789097955711,97.03482118318007,78.5230374056831,101.13094991507519,1599939,52308130,3119521,102.6052918,113.85460738271453,NA,127.3,1.375,1.04,0.19,1.96,2.635,NA,11443,11896,3.81,28435535,50298881,113036864,100.07,101.62082834351693,11450,4731031,413.19048034934497,97.08,74.43772727,23575.881,NA,NA,10840.22,118.26,6232598,0.3322689166662935,29648.329,2706927,1.0952762671472116,1089970979,2919476,NA,8574893.348702345,115.05,69429,NA,725884994.3503462,106.34,301.9904309
2018-08-31,5.71,174204,3.42,459879,2018,43357543,5933321,NA,NA,NA,NA,NA,101.79,102.32,NA,NA,NA,NA,NA,NA,NA,NA,431031,30.729,111.06,1.91,NA,NA,NA,NA,NA,NA,NA,NA,NA,NA,NA,NA,NA,NA,NA,NA,NA,NA,NA,NA,NA,NA,NA,NA,NA,NA,NA,NA,NA,NA,52308130,3119521,NA,NA,NA,NA,1.375,1.04,0.18,2.03,2.635,NA,11459,11920,3.87,28679268,86233392,31005967,NA,NA,NA,NA,NA,NA,73.12869565,NA,NA,NA,10909.42,103.11,6232598,0.3322689166662935,NA,NA,NA,1133304372,2684248,NA,8574893.348702345,115.05,137225,NA,728903226.0385464,106.87,301.9904309
2018-09-30,5.81,173788,3.34,460441,2018,43363589,5047235,NA,NA,NA,NA,NA,101.31,102.08,NA,NA,NA,NA,NA,NA,NA,NA,430417,30.755,111.95,1.95,NA,NA,NA,NA,NA,NA,NA,NA,NA,NA,NA,NA,NA,NA,NA,NA,NA,NA,NA,NA,NA,NA,NA,NA,NA,NA,NA,NA,NA,NA,52308130,3119521,NA,NA,96.6,NA,1.375,1.04,0.18,2.13,2.635,NA,11449,11896,3.76,28880961,136609970,107297587,NA,NA,NA,NA,NA,NA,78.86,NA,NA,NA,10883.77,98.3,6232598,0.3322689166662935,NA,NA,NA,1085085856,2254534,NA,8574893.348702345,115.05,133919,NA,763569641.6692054,107.34,301.9904309
2018-10-31,5.51,174207,3.39,460178,2018,43245071,5683645,49.1770540396747,290301,295526,2117896,2143150,101.72,102.42,99.47,103.19,101.55,99.43,101.65,97.66,102.39,720545,430901,30.904,112.78,2.19,19530,746712,758279,171561,177028,88593,88120,702139,698160,151753,155156,4887603,4786372,1006777,1023427,34014,27824,2551436,2612462,4151261,3287707,3210747,5039356,4941528,0.03309468908574051,0.076152425720511,98.05872020154956,81.80161110131122,102.24245978662697,1531025,52308130,3119521,103.2205559,114.66697383086417,NA,126.1,1.375,NA,NA,2.25,2.631,NA,11460,11906,3.75,28812595,166726273,28447891,101.8,101.19240982560049,11472,4887603,426.04628661087867,97.93,80.47043478,23583.21,NA,NA,10088.36,93.23,6232598,0.3322689166662935,32707.727,2612462,1.2519886222268497,1130218355,2408401,NA,8574893.348702345,115.05,102404,NA,822503190.5248799,107.33,301.9904309
2018-11-30,5.6,174520,3.09,461375,2018,43498406,5196293,NA,NA,NA,NA,NA,101.5,102.26,NA,NA,NA,NA,NA,NA,NA,NA,433484,30.857,113.38,2.2,NA,NA,NA,NA,NA,NA,NA,NA,NA,NA,NA,NA,NA,NA,NA,NA,NA,NA,NA,NA,NA,NA,NA,NA,NA,NA,NA,NA,NA,NA,52308130,3119521,NA,NA,NA,NA,1.375,1.04,0.18,2.33,2.631,NA,11475,11916,3.7,29066213,93929455,112627100,NA,NA,NA,NA,NA,NA,65.17363636,NA,NA,NA,9821.37,97.49000000000001,6232598,0.3322689166662935,NA,NA,NA,1082172027,2269848,NA,8574893.348702345,115.05,145157,NA,804886109.9960381,105.06,301.9904309
2018-12-31,5.92,177160,3.07,461784,2018,43608712,4861108,NA,NA,NA,NA,NA,101.46,102.25,NA,NA,NA,NA,NA,NA,NA,NA,431958,30.826,112.57,2.27,NA,NA,NA,NA,NA,NA,NA,NA,NA,NA,NA,NA,NA,NA,NA,NA,NA,NA,NA,NA,NA,NA,NA,NA,NA,NA,NA,NA,NA,NA,52308130,3119521,NA,NA,NA,NA,1.375,1.04,0.18,2.37,2.631,NA,11481,11916,3.66,29128468,85249597,41819637,NA,NA,NA,NA,NA,NA,56.46380952,NA,NA,NA,9747.11,102.04,6232598,0.3322689166662935,NA,NA,NA,1053808840,1862445,NA,8574893.348702345,115.05,144064,NA,794591448.7181739,103.13,301.9904309
2019-01-31,7.11,180437,3.14,463043,2019,43833981,5453685,41.43478756555446,315735,313493,2097058,2116908,101.32,102.18,101.66,109.1,105.91,116.71,106.06,97.09,101.24,725585,434354,30.83,108.92,2.4,17245,860477,911315,91089,99379,32710,33254,575386,671528,189515,193175,4519676,4571403,984316,1043948,13888,10127,2383396,2413019,3985878,2913052,2828418,4709191,4764578,-0.07527759517293037,-0.0655173002264575,101.17614681587558,72.9190668202765,101.93124554784583,1362160,NA,NA,103.7846721,115.76999398936512,96.5,127,1.375,1.04,0.18,2.37,2.632,NA,11485,11919,3.64,29387819,49371175,104970140,99.29,100.94656418658903,11479,4519676,393.7342974126666,101.14,59.2726087,23589.062,NA,NA,9764.72,188.53,NA,NA,26854.654,2413019,1.1129068606587846,1077514810,1753638,NA,NA,110.57,27491,NA,724219942.3960745,102.28,NA
2019-02-28,6.46,180742,2.92,463935,2019,44173651,3882604,NA,NA,NA,NA,NA,102.41,103.09,NA,NA,NA,NA,NA,NA,NA,NA,436632,30.816,110.35,2.4,NA,NA,NA,NA,NA,NA,NA,NA,NA,NA,NA,NA,NA,NA,NA,NA,NA,NA,NA,NA,NA,NA,NA,NA,NA,NA,NA,NA,NA,NA,NA,NA,NA,NA,NA,NA,1.375,1.04,0.18,2.39,2.632,NA,11473,11916,3.72,29308337,44671305,15330407,NA,NA,NA,NA,NA,NA,64.134,NA,NA,NA,10210.04,116.28,NA,NA,NA,NA,NA,803419396,1473079,NA,NA,110.57,155678,NA,737776686.668251,102.59,NA
2019-03-31,5.59,181877,3.1,464078,2019,44436023,5465198,NA,NA,NA,NA,NA,101.46,102.34,NA,NA,NA,NA,NA,NA,NA,NA,438455,30.857,111.21,2.41,NA,NA,NA,NA,NA,NA,NA,NA,NA,NA,NA,NA,NA,NA,NA,NA,NA,NA,NA,NA,NA,NA,NA,NA,NA,NA,NA,NA,NA,NA,NA,NA,NA,NA,96.7,NA,1.375,1.04,0.18,2.4,2.632,NA,11478,11916,3.68,29280477,44274175,105067409,NA,NA,NA,NA,NA,NA,66.41095238,NA,NA,NA,10445.22,90,NA,NA,NA,NA,NA,1016979390,2027589,NA,NA,110.57,95268,NA,733927979.5531485,103.07,NA
2019-04-30,6.38,182805,3.71,464828,2019,44408180,5261925,46.0921942692103,313920,314454,2080042,2115147,102.23,102.96,101.28,104.79,103,100.61,103.12,98.37,104.75,730824,441517,30.861,111.66,2.42,13727,870835,896938,122568,128438,51068,51720,626393,630191,145955,150190,4697096,4604248,1044516,1077096,-20989,-15992,2415272,2529924,4044848,3063257,3013276,4843051,4754438,0.03925502624524413,0.02842526455180943,98.17030628007014,76.19229120015247,102.90157925387962,1434701,NA,NA,104.3647091,117.09478362571753,NA,126,1.375,1.04,0.19,2.38,2.631,NA,11480,11918,3.67,29351604,42073584,70153425,100.17,101.68770630593036,11484,4697096,409.01219087425983,98.02,71.19681818,23590.112,NA,NA,10892.15,91.19,NA,NA,30559.893,2529924,1.2079371949513107,1005201792,2389277,NA,NA,110.57,83254,NA,750928625.1667823,103.53,NA
2019-05-31,6.5,181927,3.4,464434,2019,44841739,5524575,NA,NA,NA,NA,NA,102.01,102.79,NA,NA,NA,NA,NA,NA,NA,NA,442688,31.246,109.85,2.39,NA,NA,NA,NA,NA,NA,NA,NA,NA,NA,NA,NA,NA,NA,NA,NA,NA,NA,NA,NA,NA,NA,NA,NA,NA,NA,NA,NA,NA,NA,NA,NA,NA,NA,NA,NA,1.375,1.04,0.19,2.35,2.631,NA,11484,11921,3.67,29518374,277331344,131153964,NA,NA,NA,NA,NA,NA,70.52652174,NA,NA,NA,10574.49,100.28,NA,NA,NA,NA,NA,1042596950,2329199,NA,NA,110.57,138298,NA,764556164.7756546,104.15,NA
2019-06-30,6.32,183766,3.05,466969,2019,44506231,4293106,NA,NA,NA,NA,NA,102.07,102.85,NA,NA,NA,NA,NA,NA,NA,NA,443988,31.335,108.06,2.38,NA,NA,NA,NA,NA,NA,NA,NA,NA,NA,NA,NA,NA,NA,NA,NA,NA,NA,NA,NA,NA,NA,NA,NA,NA,NA,NA,NA,NA,NA,NA,NA,NA,NA,96.7,NA,1.375,1.04,0.2,2.17,2.631,NA,11488,11933,3.73,29580275,451526661,29805911,NA,NA,NA,NA,NA,NA,63.296,NA,NA,NA,10620.02,97.4,NA,NA,NA,NA,NA,1000947586,1800335,NA,NA,110.57,120231,NA,742617901.008868,103.33,NA
2019-07-31,5.67,185735,3.38,467230,2019,44673172,5135470,47.92296876187581,329275,336124,2113139,2154471,102.25,102.93,101.79,105.45,103.98,96.18,104.03,96.47,101.97,737300,443838,31.089,108.24,2.4,11834,908453,944629,127660,134615,44141,44933,656815,631722,-36222,-36645,4874252,4777245,1080605,1124177,-18119,-14046,2519644,2569265,4163109,3227968,3114062,4838030,4740600,0.03771606967368774,-0.0010367431604581493,97.98616378980701,77.52083448313924,101.16779857545137,1589484,NA,NA,104.398021,118.20466257748157,NA,125.1,1.375,1.04,0.19,2.1,2.636,NA,11511,11968,3.82,29724077,36505015,113573543,102.08,101.95595273193103,11515,4874252,423.29587494572297,98.01,64,23592.407,NA,NA,10845.7,122.14999999999999,NA,NA,30705.561,2569265,1.1951107028663839,1055173826,2465647,NA,NA,110.57,112035,NA,748738584.5096903,102.54,NA
2019-08-31,6.4,187392,3.35,468169,2019,44989364,5036377,NA,NA,NA,NA,NA,101.96,102.72,NA,NA,NA,NA,NA,NA,NA,NA,444734,31.413,106.27,2.13,NA,NA,NA,NA,NA,NA,NA,NA,NA,NA,NA,NA,NA,NA,NA,NA,NA,NA,NA,NA,NA,NA,NA,NA,NA,NA,NA,NA,NA,NA,NA,NA,NA,NA,NA,NA,1.375,1.04,0.18,1.95,2.636,NA,11526,11992,3.89,29891941,93002217,27142747,NA,NA,NA,NA,NA,NA,59.24727273,NA,NA,NA,10469.14,105.63,NA,NA,NA,NA,NA,1057591517,2390893,NA,NA,110.57,188428,NA,742067121.9198788,102.96,NA
2019-09-30,6.32,187111,3.4,469489,2019,45173733,4561451,NA,NA,NA,NA,NA,101.68,102.6,NA,NA,NA,NA,NA,NA,NA,NA,444697,31.142,107.48,2.04,NA,NA,NA,NA,NA,NA,NA,NA,NA,NA,NA,NA,NA,NA,NA,NA,NA,NA,NA,NA,NA,NA,NA,NA,NA,NA,NA,NA,NA,NA,NA,NA,NA,NA,96.8,NA,1.375,1.04,0.18,1.89,2.636,NA,11507,11962,3.8,30176925,123263987,110064510,NA,NA,NA,NA,NA,NA,62.33,NA,NA,NA,10815.76,102.23,NA,NA,NA,NA,NA,1009786867,2081127,NA,NA,110.57,97663,NA,721643652.4861908,102.19,NA
2019-10-31,6.57,186773,3.79,472476,2019,45115140,4719698,52.82739226267386,296636,309154,2175004,2209940,102.3,103.07,99.79,104.46,102.06,99.23,102.27,93.58,98.29,745370,448808,30.731,108.12,1.83,9419,874600,892641,193423,202044,89295,89105,715997,710504,139841,143987,5049206,4945675,1157519,1183790,-9387,-6682,2664650,2619114,4338099,3374571,3158083,5189047,5089662,0.03589350735251275,0.07255370471038831,98.08471574838309,71.18355172046448,102.96479573229595,1523642,NA,NA,102.5052594,119.2284554432419,NA,125,1.375,NA,NA,1.65,2.631,NA,11517,11968,3.77,30250694,215960097,30661724,104.22,101.60624991954037,11525,5049206,438.10898047722344,97.95,59.37,23598.452,NA,NA,11139.82,94.95,NA,NA,34922.227,2619114,1.3333603271946162,1045991674,2581163,NA,NA,110.57,121241,NA,689638339.152822,100.49,NA
2019-11-30,6.7,188263,4.14,474051,2019,45465419,4109745,NA,NA,NA,NA,NA,102,102.81,NA,NA,NA,NA,NA,NA,NA,NA,450941,30.479,108.79,1.55,NA,NA,NA,NA,NA,NA,NA,NA,NA,NA,NA,NA,NA,NA,NA,NA,NA,NA,NA,NA,NA,NA,NA,NA,NA,NA,NA,NA,NA,NA,NA,NA,NA,NA,NA,NA,1.375,1.04,0.18,1.54,2.631,NA,11526,11973,3.73,30377662,95079143,114941117,NA,NA,NA,NA,NA,NA,62.74428571,NA,NA,NA,11558.86,99.43,NA,NA,NA,NA,NA,1011793207,2569822,NA,NA,110.57,130482,NA,695408458.0295736,99.72,NA
2019-12-31,7.08,190606,4.12,478126,2019,45595587,4444668,NA,NA,NA,NA,NA,101.95,102.83,NA,NA,NA,NA,NA,NA,NA,NA,450861,30.325,109.15,1.55,NA,NA,NA,NA,NA,NA,NA,NA,NA,NA,NA,NA,NA,NA,NA,NA,NA,NA,NA,NA,NA,NA,NA,NA,NA,NA,NA,NA,NA,NA,NA,NA,NA,NA,NA,NA,1.375,1.04,0.18,1.54,2.631,NA,11531,11970,3.67,30425322,95359787,49235855,NA,NA,NA,NA,NA,NA,65.85454545,NA,NA,NA,11854.08,104.4,NA,NA,NA,NA,NA,1059527844,2602858,NA,NA,110.57,76257,NA,695974076.3733076,99.54,NA
2020-01-31,9.38,193487,4.6,479131,2020,46296231,3884921,39.23842821311849,NA,NA,NA,NA,NA,NA,NA,NA,NA,NA,NA,NA,NA,NA,454813,30.045,109.28,1.55,17077,NA,NA,NA,NA,NA,NA,NA,NA,NA,NA,NA,NA,NA,NA,NA,NA,NA,NA,NA,NA,NA,NA,NA,NA,NA,NA,NA,NA,NA,NA,NA,NA,NA,96.8,122.2,1.375,1.04,0.18,1.52,2.631,NA,NA,NA,NA,30589923,NA,NA,NA,NA,NA,NA,NA,NA,63.60217391,NA,NA,NA,11962.32,202.78,NA,NA,NA,NA,NA,928353851,NA,NA,NA,NA,NA,NA,679514875.661644,NA,NA
